%% This BibTeX bibliography file was created using BibDesk.
%% http://bibdesk.sourceforge.net/

%%%%%%%%% self 

@article{zubair2019,
	author  = {Zubair, A and Rosen, G and Nuzhdin, S V and Marjoram, P}, 
	title   = {Bayesian model selection for the \emph{Drosophila} gap gene system},
	journal = {BMC Bioinformatics}, 
	year  = {2019},
	_month = {TODO}, 
	_volume= {TODO}, 
	_number= {TODO}, 
	_pages = {TODO}
}

@article{marjoram14,
	author  = {Marjoram, P and Zubair, A and Nuzhdin, S V}, 
	title   = {Post-GWAS: where next? More samples, more SNPs or more biology?},
	journal = {Heredity}, 
	year  = {2014},
	_month = {TODO}, 
	volume= {112}, 
	_number= {TODO}, 
	pages = {79-88}
}

@Article{Colombo2017,
author={Colombo, Anthony R.
and Zubair, Asif
and Thiagarajan, Devi
and Nuzhdin, Sergey
and Triche, Timothy J.
and Ramsingh, Giridharan},
title={Suppression of Transposable Elements in Leukemic Stem Cells},
journal={Scientific Reports},
year={2017},
volume={7},
number={1},
pages={7029},
issn={2045-2322},
doi={10.1038/s41598-017-07356-9},
url={https://doi.org/10.1038/s41598-017-07356-9}
}

@article{kao15,
	author  = {Kao, JY and Zubair, A and Salomon, MP and Nuzhdin, SV and Campo, D}, 
	title   = {Population genomic analysis uncovers African and European admixture in \textit{Drosophila melanogaster} populations from the south-eastern United States and Caribbean Islands},
	journal = {Mol Ecol}, 
	year  = {2015},
	month = {Apr}, 
	volume= {24}, 
	number= {7}, 
	pages = {1499-1509}
}

@article{gursky2017,
    author = {Gursky, Vitaly V. AND Kozlov, Konstantin N. AND Kulakovskiy, Ivan V. AND Zubair, Asif AND Marjoram, Paul AND Lawrie, David S. AND Nuzhdin, Sergey V. AND Samsonova, Maria G.},
    journal = {PLOS ONE},
    publisher = {Public Library of Science},
    title = {Translating natural genetic variation to gene expression in a computational model of the Drosophila gap gene regulatory network},
    year = {2017},
    month = {09},
    volume = {12},
    url = {https://doi.org/10.1371/journal.pone.0184657},
    pages = {1-34},
    number = {9},
    doi = {10.1371/journal.pone.0184657}
}

@Article{Sani2018,
author={Sani, Syed Gul Abbas Shah
and Chang, Peter L.
and Zubair, Asif
and Carrasquilla-Garcia, Noelia
and Cordeiro, Matilde
and Penmetsa, Ramachandra Varma
and Munis, M. Farooq H.
and Nuzhdin, Sergey V.
and Cook, Douglas R.
and von Wettberg, Eric J.},
title={Genetic Diversity, Population Structure, and Genetic Correlation with Climatic Variation in Chickpea (Cicer arietinum) Landraces from Pakistan},
year={2018},
publisher={Crop Science Society of America},
address={Madison, WI},
volume={11},
note={1},
doi={10.3835/plantgenome2017.08.0067},
url={http://dx.doi.org/10.3835/plantgenome2017.08.0067}
}




%%%%%%%%%%%% embryo %%%%%%%%%%%%%%%%%%%%%%%%
%%%%%%%%%%%%%%%%%%%%%%%%%%%%%%%%%%%%%%%%%%%%
%%%%%%%%%%%%%%%%%%%%%%%%%%%%%%%%%%%%%%%%%%%%

@article{zinzen06,
	author  = {Zinzen, R P and Senger, K and Levine, M and Papatsenko, D}, 
	title   = {Computational Models for Neurogenic Gene Expression in the \textit{Drosophila} Embryo},
	journal = {Curr Biol}, 
	year  = {2006},
	_month = {TODO}, 
	volume= {16}, 
	_number= {}, 
	pages = {1358-1365}
}

@book{bolouri08,
	author    = {Bolouri, H}, 
	title     = {Computational Modeling of Gene Regulatory Networks - A Primer},
	publisher = {Imperial College Press}, 
	year      = {2008},
	address   = {London} 
}




@article{corner,
    Author = {Daniel Foreman-Mackey},
    Doi = {10.21105/joss.00024},
    Title = {corner.py: Scatterplot matrices in Python},
    Journal = {The Journal of Open Source Software},
    Year = 2016,
    Volume = 24,
    Url = {http://dx.doi.org/10.5281/zenodo.45906}
}

@article{wilkinson,
	author  = {Wilkinson, D J}, 
	title   = {Parallel tempering and Metropolis coupled MCMC},
	journal = {https://darrenjw.wordpress.com/2013/09/29/parallel-tempering-and-metropolis-coupled-mcmc}, 
	year  = {2013},
	_month = {}, 
	_volume= {}, 
	_number= {}, 
	_pages = {}
}

@Article{Chertkova2017,
author="Chertkova, Aleksandra A.
and Schiffman, Joshua S.
and Nuzhdin, Sergey V.
and Kozlov, Konstantin N.
and Samsonova, Maria G.
and Gursky, Vitaly V.",
title="In silico evolution of the Drosophila gap gene regulatory sequence under elevated mutational pressure",
journal="BMC Evolutionary Biology",
year="2017",
month="Feb",
day="07",
volume="17",
number="1",
pages="4",
abstract="Cis-regulatory sequences are often composed of many low-affinity transcription factor binding sites (TFBSs). Determining the evolutionary and functional importance of regulatory sequence composition is impeded without a detailed knowledge of the genotype-phenotype map.",
issn="1471-2148",
doi="10.1186/s12862-016-0866-y",
url="https://doi.org/10.1186/s12862-016-0866-y"
}

@Article{Bangerth2007,
	  author = 	 {Bangerth, W and Hartmann, R and Kanschat, G},
	  title = 	 {{deal.II} -- a General Purpose Object Oriented Finite Element Library},
	  journal = 	 {ACM Trans. Math. Softw.},
	  year = 	 2007,
	  volume = 	 33,
	  number = 	 4,
	  pages = 	 {24/1--24/27}
	  }

@article{garikipati2017,
	author  = {Garikipati, Krishna}, 
	title   = {Perspectives on the mathematics of biological patterning and morphogenesis},
	journal = {Journal of the Mechanics and Physics of Solids}, 
	year  = {2017},
	_month = {TODO}, 
	volume= {99}, 
	_number= {TODO}, 
	pages = {192-210},
}

@article{murphy2018,
	author  = {Murphy, Laura and Venkataraman, Chandrasekhar and Madzvamuse, Anotida}, 
	title   = {Parameter identification through mode isolation for reaction–diffusion systems on arbitrary geometries},
	journal = {International Journal of Biomathematics}, 
	year  = {2018},
	_month = {TODO}, 
	volume= {11}, 
	number= {3}, 
	pages = {1850053-1850083},
}

@article{albert2014,
	author  = {Albert, Philipp J. and Schwarz, Ulrich S.}, 
	title   = {Dynamics of Cell Shape and Forces on Micropatterned Substrates
Predicted by a Cellular Potts Model},
	journal = {Biophysical Journal}, 
	year  = {2014},
	month = {June}, 
	volume= {106}, 
	_number= {TODO}, 
	pages = {2340-2352}
}

@Article{Gursky2011,
author="Gursky, Vitaly V.
and Panok, Lena
and Myasnikova, Ekaterina M.
and Manu, M.
and Samsonova, Maria G.
and Reinitz, John
and Samsonov, Alexander M.",
title="Mechanisms of gap gene expression canalization in the Drosophila blastoderm",
journal="BMC Systems Biology",
year="2011",
month="Jul",
day="28",
volume="5",
number="1",
pages="118",
abstract="Extensive variation in early gap gene expression in the Drosophila blastoderm is reduced over time because of gap gene cross regulation. This phenomenon is a manifestation of canalization, the ability of an organism to produce a consistent phenotype despite variations in genotype or environment. The canalization of gap gene expression can be understood as arising from the actions of attractors in the gap gene dynamical system.",
issn="1752-0509",
doi="10.1186/1752-0509-5-118",
url="https://doi.org/10.1186/1752-0509-5-118"
}

@article{knipple85,
	author  = {Knipple, Douglas C. and Seifert, Eveline  and Rosenberg, Urs B. and Preiss, Anette and Jäckle, Herbert}, 
	title   = {Spatial and temporal patterns of Krüppel gene expression in early Drosophila embryos},
	journal = {Nature}, 
	year  = {1985},
	month = {September}, 
	volume= {317}, 
	_number= {TODO}, 
	pages = {40-44},
}

@article{Becker13,
    author = {Becker, Kolja AND Balsa-Canto, Eva AND Cicin-Sain, Damjan AND Hoermann, Astrid AND Janssens, Hilde AND Banga, Julio R. AND Jaeger, Johannes},
    journal = {PLOS Computational Biology},
    publisher = {Public Library of Science},
    title = {Reverse-Engineering Post-Transcriptional Regulation of Gap Genes in Drosophila melanogaster},
    year = {2013},
    month = {10},
    volume = {9},
    url = {https://doi.org/10.1371/journal.pcbi.1003281},
    pages = {1-16},
    abstract = {Author Summary The analysis of pattern-forming gene networks is largely focussed on transcriptional regulation. However, post-transcriptional events, such as translation and regulation of protein stability also play important roles in the establishment of protein expression patterns and levels. In this study, we use a reverse-engineering approach—fitting mathematical models to quantitative expression data—to analyse post-transcriptional regulation of the Drosophila gap genes Krüppel, knirps and giant, involved in segment determination during early embryogenesis. Rigorous fitting requires us to establish whether our models provide a robust and unique solution. We demonstrate, for the first time, that this can be done in the context of a complex spatio-temporal regulatory system. This is an important methodological advance for reverse-engineering developmental processes. Our results indicate that post-transcriptional regulation is not required for pattern formation, but is necessary for proper regulation of gap protein levels. Specifically, we predict that translation rates must be tuned for rapid early accumulation, and protein stability must be increased for persistence of high protein levels at late stages of gap gene expression.},
    number = {10},
    doi = {10.1371/journal.pcbi.1003281}
}

@article{Villaverde16,
    author = {Villaverde, Alejandro F. AND Barreiro, Antonio AND Papachristodoulou, Antonis},
    journal = {PLOS Computational Biology},
    publisher = {Public Library of Science},
    title = {Structural Identifiability of Dynamic Systems Biology Models},
    year = {2016},
    month = {10},
    volume = {12},
    url = {https://doi.org/10.1371/journal.pcbi.1005153},
    pages = {1-22},
    abstract = {Author Summary Advances in computing power have facilitated the development of increasingly larger dynamic models of biological processes, which usually have many unknown parameters. Often times, such models contain parameters that are structurally unidentifiable, i.e., they cannot be uniquely determined from experiments. Any parameter estimation algorithm will fail when trying to estimate unidentifiable parameters, leading to waste of resources and possibly wrong model predictions. Hence, it is essential to assess structural identifiability before exploiting a model. However, performing such analysis can be hard, especially as models become increasingly complicated. To address this challenge, we developed a methodology for structural identifiability analysis that aims at generality—it can handle any analytic model written as a set of ordinary differential equations—and computational efficiency—it includes features that facilitate the analysis of large systems. We provide an implementation of the methodology as a MATLAB toolbox called STRIKE-GOLDD. We illustrate its applicability to systems biology models of genetic, signalling, metabolic, and pharmacokinetic networks, showing which of them are unidentifiable and how they can be made identifiable.},
    number = {10},
    doi = {10.1371/journal.pcbi.1005153}
}

@article{Oana11,
    author = {Chis, Oana-Teodora AND Banga, Julio R. AND Balsa-Canto, Eva},
    journal = {PLOS ONE},
    publisher = {Public Library of Science},
    title = {Structural Identifiability of Systems Biology Models: A Critical Comparison of Methods},
    year = {2011},
    month = {11},
    volume = {6},
    url = {https://doi.org/10.1371/journal.pone.0027755},
    pages = {1-16},
    abstract = {Analysing the properties of a biological system through in silico experimentation requires a satisfactory mathematical representation of the system including accurate values of the model parameters. Fortunately, modern experimental techniques allow obtaining time-series data of appropriate quality which may then be used to estimate unknown parameters. However, in many cases, a subset of those parameters may not be uniquely estimated, independently of the experimental data available or the numerical techniques used for estimation. This lack of identifiability is related to the structure of the model, i.e. the system dynamics plus the observation function. Despite the interest in knowing a priori whether there is any chance of uniquely estimating all model unknown parameters, the structural identifiability analysis for general non-linear dynamic models is still an open question. There is no method amenable to every model, thus at some point we have to face the selection of one of the possibilities. This work presents a critical comparison of the currently available techniques. To this end, we perform the structural identifiability analysis of a collection of biological models. The results reveal that the generating series approach, in combination with identifiability tableaus, offers the most advantageous compromise among range of applicability, computational complexity and information provided.},
    number = {11},
    doi = {10.1371/journal.pone.0027755}
}


@article{Raue14,
author = {Raue, Andreas and Karlsson, Johan and Saccomani, Maria Pia and Jirstrand, Mats and Timmer, Jens},
title = {Comparison of approaches for parameter identifiability analysis of biological systems},
journal = {Bioinformatics},
volume = {30},
number = {10},
pages = {1440-1448},
year = {2014},
doi = {10.1093/bioinformatics/btu006},
URL = { + http://dx.doi.org/10.1093/bioinformatics/btu006},
}


@article{Rodriguez13,
	author  = {Rodriguez-Fernandez, Maria and Rehberg, Markus and Kremling, Andreas and Banga, Julio R}, 
	title   = {Simultaneous model discrimination and parameter estimation in dynamic models of cellular systems},
	journal = {BMC Systems Biology}, 
	year  = {2013},
	_month = {TODO}, 
	volume= {7}, 
	number= {76}, 
	pages = {https://doi.org/10.1186/1752-0509-7-76}
}


@INPROCEEDINGS{Kohavi95astudy,
    author = {Ron Kohavi},
    title = {A Study of Cross-Validation and Bootstrap for Accuracy Estimation and Model Selection},
    booktitle = {},
    year = {1995},
    pages = {1137--1143},
    publisher = {Morgan Kaufmann}
}

@article {GWAT:GWAT584,
author = {Li, Qi and Ito, Kazumasa and Wu, Zhishen and Lowry, Christopher S. and Loheide II, Steven P.},
title = {COMSOL Multiphysics: A Novel Approach to Ground Water Modeling},
journal = {Ground Water},
volume = {47},
number = {4},
publisher = {Blackwell Publishing Ltd},
issn = {1745-6584},
url = {http://dx.doi.org/10.1111/j.1745-6584.2009.00584.x},
doi = {10.1111/j.1745-6584.2009.00584.x},
pages = {480--487},
year = {2009},
}



@article{Betancourt_A_2017,
  year={2017},
  title={A Conceptual Introduction to Hamiltonian Monte Carlo},
  abstract={Hamiltonian Monte Carlo has proven a remarkable empirical success, but only recently have we begun to develop a rigorous under- standing of why it performs so well on difficult problems and how it is best applied in practice. Unfortunately, that understanding is con- fined within the mathematics of differential geometry which has limited its dissemination, especially to the applied communities for which it is particularly important. In this review I provide a comprehensive conceptual account of these theoretical foundations, focusing on developing a principled intuition behind the method and its optimal implementations rather of any ex- haustive rigor. Whether a practitioner or a statistician, the dedicated reader will acquire a solid grasp of how Hamiltonian Monte Carlo works, when it succeeds, and, perhaps most importantly, when it fails.},
  journal="arXiv",
  author={Betancourt, Michael}
}

@Article{Andrieu2008,
author="Andrieu, Christophe
and Thoms, Johannes",
title="A tutorial on adaptive MCMC",
journal="Statistics and Computing",
year="2008",
volume="18",
number="4",
pages="343--373",
abstract="We review adaptive Markov chain Monte Carlo algorithms (MCMC) as a mean to optimise their performance. Using simple toy examples we review their theoretical underpinnings, and in particular show why adaptive MCMC algorithms might fail when some fundamental properties are not satisfied. This leads to guidelines concerning the design of correct algorithms. We then review criteria and the useful framework of stochastic approximation, which allows one to systematically optimise generally used criteria, but also analyse the properties of adaptive MCMC algorithms. We then propose a series of novel adaptive algorithms which prove to be robust and reliable in practice. These algorithms are applied to artificial and high dimensional scenarios, but also to the classic mine disaster dataset inference problem.",
issn="1573-1375",
doi="10.1007/s11222-008-9110-y",
url="http://dx.doi.org/10.1007/s11222-008-9110-y"
}


@article{Carlin_Empirical_2000,
  year={2000},
  author={Carlin, Bradley and Louis, Thomas},
  title={Empirical Bayes: Past, Present and Future},
  doi={10.1080/01621459.2000.10474331},
  journal={J Am Stat Assoc},
  issn={0162-1459},
  volume={95},
  number={452},
  file={/Users/asifzubair/SkyDrive/readcube/empirical-bayes/2000 - Empirical Bayes - Past, Present and Future - Louis TA, Carlin BP.pdf},
  pages={1286-1289}
}


@article{bayes63,
	author  = {Bayes, T and Price, R}, 
	title   = {An Essay towards solving a Problem in the Doctrine of Chances. By the late Rev. Mr. Bayes, communicated by Mr. Price, in a letter to John Canton, MA and FRS},
	journal = {Philo Trans Royal S Lon}, 
	year  = {1763},
	_month = {TODO}, 
	volume= {53}, 
	number= {0}, 
	pages = {370 - 418},
}

@article{beaumont04,
	author  = {Beaumont, M A and Rannala, B}, 
	title   = {The Bayesian Revolution in Genetics},
	journal = {Nat. Rev. Genetics}, 
	year  = {2004},
	  month = {Apr}, 
	  volume= {5}, 
	  pages = {251-261}
}	

@article{boveri1901,
	author  = {Bover, T}, 
	title   = {Die polaritat von ovocyte, ei, und larve des \textit{strongylocentrus lividus}},
	journal = {Zoo Jahrb Abt Anat Ont Thi}, 
	year  = {1901},
	_month = {TODO}, 
	volume= {14}, 
	number= {384}, 
	_pages = {TODO},
}

@article{brooks97,
	author  = {Brooks, S P and Gelman, A}, 
	title   = {General Methods for Monitoring Convergence of Iterative Simulations},
	journal = {J Comput Graph Stat}, 
	year  = {1997},
	_month = {TODO}, 
	volume= {7}, 
	_number= {TODO}, 
	pages = {434-455},
}

@article{calderhead10,
	author  = {Calderhead, B and Girolami, M}, 
	title   = {Estimating Bayes factors via thermodynamic integration and population MCMC},
	journal = {Comp. Stats. \& Data Anal.}, 
	year  = {2009},
	month = {TODO}, 
	volume= {53}, 
	number= {12}, 
	pages = {4028-4045},
}

@article{calderhead12,
	author  = {Mohamed, L and Calderhead, B and Filippone, M and Christie, M and Girolami, M}, 
	title   = {Population MCMC methods for history matching and uncertainty quantification},
	journal = {Comput. Geosci.}, 
	year  = {2012},
	_month = {TODO}, 
	volume= {16}, 
	_number= {TODO}, 
	pages = {423-436},
}

@article{calderhead14,
	author  = {Calderhead, B}, 
	title   = {A general construction for parallelizing Metropolis−Hastings algorithms},
	journal = {PNAS}, 
	year  = {2014},
	month = {Dec.}, 
	volume= {111}, 
	number= {49}, 
	pages = {17408–17413},
}

@article{chamberlin1890,
	author  = {Chamberlin, T C}, 
	title   = {The method of multiple working hypotheses},
	journal = {Science}, 
	year  = {1890},
	_month = {TODO}, 
	volume= {15}, 
	_number= {TODO}, 
	pages = {92-96},
}

@article{driever88a,
	author  = {Driever, W and Nusslein-Volhard, C}, 
	title   = {The \textit{bicoid} protein determines position in the \textit{Drosophila} embryo in a concentration dependent manner},
	journal = {Cell}, 
	year  = {1988},
	_month = {TODO}, 
	volume= {54}, 
	number= {95-104}, 
	_pages = {TODO},
}

@article{driever88b,
	author  = {Driever, W and Nusslein-Volhard, C}, 
	title   = {A gradient of \textit{bicoid} protein in \textit{Drosophila} embryos},
	journal = {Cell}, 
	year  = {1988},
	_month = {TODO}, 
	volume= {54}, 
	number= {83-93}, 
	_pages = {TODO},
}


@article{garcia-donato12,
	author  = {Bayarri, M J and Berger, J O and Forte, A and Garcia-Donato, G}, 
	title   = {Criteria for Bayesian model choice with application to variable selection},
	journal = {Annals of Stat.}, 
	year  = {2012},
	  _month = {TODO}, 
	  volume= {40}, 
	  number= {3}, 
	  pages = {1550-1577},
}	

@article{gelman98,
	author  = {Brooks, S P and Gelman, A}, 
	title   = {General Methods for Monitoring Convergence of Iterative Simulations},
	journal = {J. Comp. and Graph. Stats.}, 
	year  = {1998},
	  volume= {7}, 
	  number= {4}, 
	  pages = {434-455}
}	

@Inproceedings{geyer91,
	author    = {Geyer, C J}, 
	title     = {Markov Chain Monte Carlo Maximum Likelihood},
	booktitle = {Computing Science and Statics Proceedings of the 23rd Symposium on the Interface},
	year      = {1991},
	  _editor  = {TODO}, 
	  pages   = {156},
	  organization  = {Amer Stat Assoc}
}

@book{gilks95,
	author    = {Gilks, W R and  Richardson, S and Spiegelhalter, D}, 
	title     = {Markov Chain Monte Carlo in Practice},
	publisher = {Chapman and Hall/CRC}, 
	year      = {1995},
	address   = {London} 
}

@article{girolami08a,
	author  = {Girolami, M}, 
	title   = {Bayesian inference for differential equations},
	journal = {Theor. Comp. Sci.}, 
	year  = {2008},
	_month = {TODO}, 
	volume= {4}, 
	number= {16}, 
	_pages = {TODO},
}

@article{girolami08b,
	author  = {Vyshemirsky, V and Girolami, M A}, 
	title   = {Bayesian ranking of biochemical system models},
	journal = {Bioinformatics}, 
	year  = {2008},
	_month = {TODO}, 
	volume= {24}, 
	number= {6}, 
	pages = {833-839},
}

@article{girolami10,
	author  = {Xu, T R and Vyshemirsky, V and Gormand, A and von Kriegsheim, A and Girolami, M et al.}, 
	title   = {Inferring Signaling Pathway Topologies from Multiple Perturbation Measurements of Specific Biochemical Species},
	journal = {Sci. Signaling}, 
	year  = {2010},
	  month = {Mar.}, 
	  volume= {3}, 
	  number= {113}, 
	  pages = {ra20}
}	

@article{hastings70,
	author  = {Hastings, W K}, 
	title   = {Monte Carlo Sampling Methods Using Markov Chains and Their Applications},
	journal = {Biometrika}, 
	year  = {1970},
	_month = {TODO}, 
	volume= {57}, 
	number= {1}, 
	pages = {97-109},
}

@article{hindmarsh05,
  title={{SUNDIALS}: Suite of nonlinear and differential/algebraic equation solvers},
  author={Hindmarsh, Alan C and Brown, Peter N and Grant, Keith E and Lee, Steven L and Serban, Radu and Shumaker, Dan E and Woodward, Carol S},
  journal={ACM Transactions on Mathematical Software (TOMS)},
  volume={31},
  number={3},
  pages={363-396},
  year={2005},
  publisher={ACM}
}

@article{horstadius35,
	author  = {Horstadius, S}, 
	title   = {Uber die determination im verlaufe der eiaschse bei seeigeln},
	journal = {Publ Staz Zool Napoli}, 
	year  = {1935},
	_month = {TODO}, 
	volume= {14}, 
	number= {251-479}, 
	_pages = {TODO},
}

@article{hulskamp90,
	author  = {Hulskamp, M and Pfeifle, C and Tautz, D}, 
	title   = {A morphogenetic gradient of hunchback protein organizes the expression of the gap genes Kruppel and knirps in the early \textit{Drosophila} embryo},
	journal = {Nature}, 
	year  = {1990},
	_month = {TODO}, 
	volume= {346}, 
	_number= {TODO}, 
	pages = {577-580},
}

@article{jackle96,
	author  = {Rivera-Pomar, R and Jackle, H}, 
	title   = {From gradients to stripes in Drosophila embryogenesis: filling in the gaps},
	journal = {Trends in Genetics}, 
	year  = {1996},
	  month = {Nov.}, 
	  volume= {12}, 
	  number= {11}, 
	  pages = {478-483},
}

@article{jaeger04a,
	author  = {Jaeger, J and Surkova, S and Blagov, M and Janssens, H and Kosman D et al.}, 
	title   = {Dynamic control of positional information in the early Drosophila embryo},
	journal = {Nature}, 
	year  = {2004},
	  month = {Jul.}, 
	  volume= {430}, 
	  _number= {TODO}, 
	  pages = {368-371},
}	

@article{jaeger04b,
	author  = {Jaeger, J and Blagov, M and Kosman, D and Kozlov, K N and Manu et al.}, 
	title   = {Dynamical Analysis of Regulatory Interactions in the Gap Gene System of Drosophila melanogaster},
	journal = {Genetics}, 
	year  = {2004},
	  month = {Aug.}, 
	  volume= {167}, 
	  _number= {TODO}, 
	  pages = {1721-1731},
}

@article{jaeger06a,
	author  = {Janssens, H and Hou, S and Jaeger, J and Kim, A R and Myasnikova, E et al.}, 
	title   = {Quantitative and predictive model of transcriptional control of the Drosophila melanogaster even skipped gene},
	journal = {Nature Genetics}, 
	year  = {2006},
	month = {Oct.}, 
	volume= {38}, 
	number= {10}, 
	pages = {1159-1165},
}

@article{jaeger06b,
	author  = {Perkins, T J and Jaeger, J and Reinitz, J and Glass, L}, 
	title   = {Reverse Engineering the Gap Gene Network of Drosophila melanogaster},
	journal = {PLoS Comp. Bio.}, 
	year  = {2006},
	month = {May}, 
	volume= {2}, 
	number= {5}, 
	pages = {e51},
}

@article{jaeger09,
	author  = {Jaeger, J}, 
	title   = {Modelling the \textit{Drosophila} embryo},
	journal = {Mol BioSys}, 
	year  = {2009},
	_month = {TODO}, 
	volume= {5}, 
	_number= {TODO}, 
	pages = {1549-1568},
}

@article{jaeger11,
	author  = {Jaeger, J}, 
	title   = {The gap gene network},
	journal = {Cell Mol Life Sci}, 
	year  = {2011},
	_month = {TODO}, 
	volume= {68}, 
	_number= {TODO}, 
	pages = {243-274}
}

@article{jaeger12,
	author  = {Jaeger, J and Manu and Reinitz, J}, 
	title   = {\textit{Drosophila} blastoderm patterning},
	journal = {Curr Opin in Genet \& Dev}, 
	year  = {2012},
	_month = {TODO}, 
	volume= {22}, 
	_number= {TODO}, 
	pages = {1-9},
}

@article{jeffreys92,
	author  = {Jefferys, W and Berger, J}, 
	title   = {Ockham's razor and Bayesian analysis},
	journal = {Amr Sci}, 
	year  = {1992},
	_month = {TODO}, 
	volume= {80}, 
	_number= {TODO}, 
	pages = {64-72},
}

@article{khammash10,
	author  = {Lillacci, G and Khammash, M}, 
	title   = {Parameter Estimation and Model Selection in Computational Biology},
	journal = {PLoS Comp. Bio.}, 
	year  = {2010},
	  month = {Mar.}, 
	  volume= {6}, 
	  number= {3}, 
	  pages = {e1000696}
}	

@article{kraut91,
	author  = {Kraut, R and Levine, M}, 
	title   = {Mutually repressive interactions between the gap genes giant and Kruppel define middle body regions of the \textit{Drosophila} embryo},
	journal = {Development}, 
	year  = {1991},
	_month = {TODO}, 
	volume= {111}, 
	_number= {TODO}, 
	pages = {611-621},
}

@book{lions71,
	author    = {Lions, J L}, 
	title     = {Optimal Control of Systems Governed by Partial Differential Equations},
	publisher = {Springer-Verlag}, 
	year      = {1971},
	address   = {New York} 
}

@Inproceedings{lygeros10,
	author    = {Milias-Argeitis, A and Porreca, R and Summers, S and Lygeros, J}, 
	title     = {Bayesian model selection for the yeast GATA-factor network: a comparison of computational approaches},
	booktitle = {49th IEEE Conference on Decision and Control: 15-17 Dec. 2010; Atlanta},
	year      = {2010},
	  _editor  = {TODO}, 
	  pages   = {3379-3384},
	  organization  = {IEEE}
}

@article{meng96,
	author  = {Meng, X L and Wong, W H}, 
	title   = {Simulating Ratios of Normalization constants via a Simple Identity: A Theoretical Exploration},
	journal = {Stat Sinica}, 
	year  = {1996},
	  volume= {6}, 
	  pages = {831-860}
}	

@article{meng98,
	author  = {Gelman, A and Meng, X L}, 
	title   = {Simulating Normalizing Constants: From Importance Sampling to Bridge Sampling to Path Sampling},
	journal = {Stat. Sci.}, 
	year  = {1998},
	  volume= {13}, 
	  number= {2}, 
	  pages = {163-185}
}	

@article{nusslein80,
	author  = {Nusslein-Volhard, C and Wieschaus, E}, 
	title   = {Mutations affecting segment number and polarity in \emph{Drosophila}},
	journal = {Nature}, 
	year  = {1980},
	_month = {TODO}, 
	volume= {287}, 
	number= {795-801}, 
	_pages = {TODO},
}

@article{nusslein87,
	author  = {Nusslein-Volhard, C and Fronhofer, H G and , Lehmann, R}, 
	title   = {Determination of anteroposterior polarity in \textit{Drosophila}},
	journal = {Science}, 
	year  = {1987},
	_month = {TODO}, 
	volume= {238}, 
	number= {1675-1681}, 
	_pages = {TODO},
}

@article{odell00,
	author  = {van Dassow, G and Meir, E and Munro, E M and Odell, G M}, 
	title   = {The segment polarity network is a robust developmental module},
	journal = {Nature}, 
	year  = {2000},
	  month = {Jul.}, 
	  volume= {406}, 
	  _number= {TODO}, 
	  pages = {188-192},
}

@book{pazy83,
	author    = {Pazy, A}, 
	title     = {Semigroups of Linear Operators and Applications to Partial Differential Equations.},
	publisher = {Springer-Verlag}, 
	year      = {1983},
	address   = {New York} 
}

@article{papatsenko08,
	author  = {Papatsenko, D and Levine, M}, 
	title   = {Dual regulation by the Hunchback gradient in the \textit{Drosophila} embryo},
	journal = {Pro NAtl Acad Sci U S A}, 
	year  = {2008},
	month = {Feb}, 
	volume= {105}, 
	_number= {TODO}, 
	pages = {2901 - 2906},
}

@article{papatsenko11,
	author  = {Papatsenko, D and Levine, M}, 
	title   = {The Drosophila Gap Gene Network Is Composed of Two Parallel Toggle Switches},
	journal = {PLoS One}, 
	year  = {2011},
	month = {Jul.}, 
	volume= {6}, 
	number= {7}, 
	pages = {e21145},
}

@article{patil10,
	author  = {Patil, A and Huard, D and Fonnesbeck, C J}, 
	title   = {PyMC: Bayesian Stochastic Modelling in Python},
	journal = {J Stat Software}, 
	year  = {2010},
	_month = {TODO}, 
	volume= {35}, 
	number= {4}, 
	pages = {1-81},
}

@article{perkins10,
	author  = {Summer, G and Perkins, T J}, 
	title   = {Functional data analysis for identifying nonlinear models of gene regulatory networks},
	journal = {BMC Genomics}, 
	year  = {2010},
	_month = {TODO}, 
	volume= {11}, 
	number= {Supp 4}, 
	pages = {S18},
}

@article{philippe06,
	author  = {Lartillot, N and Philippe, H}, 
	title   = {Computing Bayes Factors using Thermodynamic Integration},
	journal = {Syst. Biol.}, 
	year  = {2006},
	_month = {TODO}, 
	volume= {55}, 
	number= {2}, 
	pages = {195-2007},
}

@article{pisarev09,
	author  = {Pisarev, A and Poustelnikova, E and Samsonova, M and Reinitz, J}, 
	title   = {FlyEx, the quantitative atlas on segmentation gene expression at cellular resolution.},
	journal = {Nuclec Acids Res.}, 
	year  = {2009},
	month = {Oct.}, 
	volume= {37}, 
	_number= {TODO}, 
	pages = {D560-566},
}

@Article{plummer06,
    title = {CODA: Convergence Diagnosis and Output Analysis for MCMC},
    author = {Martyn Plummer and Nicky Best and Kate Cowles and Karen
      Vines},
    journal = {R News},
    year = {2006},
    volume = {6},
    number = {1},
    pages = {7-11},
    url = {https://journal.r-project.org/archive/},
    pdf = {https://www.r-project.org/doc/Rnews/Rnews_2006-1.pdf},
}

@Manual{r08,
    title = {R: A Language and Environment for Statistical Computing},
    author = {{R Development Core Team}},
    organization = {R Foundation for Statistical Computing},
    address = {Vienna, Austria},
    year = {2008},
    note = {{ISBN} 3-900051-07-0},
    url = {http://www.R-project.org},
  }

@article{raftery95,
	author  = {Kass, R E and Raftery, A E}, 
	title   = {Bayes Factors},
	journal = {J. Amer. Stat. Assoc.}, 
	year  = {1995},
	month = {Jun.}, 
	volume= {90}, 
	number= {430}, 
	pages = {773-795}
}

@article{schmidl12,
	author  = {Schmidl, D and Hug, S and Li, W B and Greiter, M B and Theis, F J}, 
	title   = {Bayesian model selection validates a biokinetic model for zirconium processing in humans},
	journal = {BMC Sys. Bio.}, 
	year  = {2012},
	  _month = {TODO}, 
	  volume= {6}, 
	  number= {95}, 
	  _pages = {TODO},
}

@article{spemann24,
	author  = {Spemann, H and Mangold, H}, 
	title   = {Induction of embryonic primordia by implantation of organizers from a different species},
	journal = {Roux's Arch Entw Mech}, 
	year  = {1924},
	_month = {TODO}, 
	volume= {100}, 
	number= {599-638}, 
	_pages = {TODO},
}

@article{stigler07,
	author  = {Stigler, S M}, 
	title   = {The epic story of maximum likelihood},
	journal = {Stat Sci}, 
	year  = {2007},
	_month = {TODO}, 
	volume= {22}, 
	number= {4}, 
	pages = {598-620},
}

@article{stumpf10,
	author  = {Toni, T and Stumpf, M P H}, 
	title   = {Simulation-based model selection for dynamical systems in systems and population biology},
	journal = {Bioinformatics}, 
	year  = {2010},
	  month = {Oct.}, 
	  volume= {26}, 
	  number= {1}, 
	  pages = {104-110}
}

@article{stumpf13,
	author  = {Kirk, P and Thorne, T and Stumpf, M P H}, 
	title   = {Model selection in systems and synthetic biology},
	journal = {Curr.  Opin. in Biotech.}, 
	year  = {2013},
	  month = {Apr.}, 
	  volume= {24}, 
	  _number= {TODO}, 
	  pages = {767-774},
}	


@article{theis13,
	author  = {Hug, S and Raue, A and Hasenauer, J and Bachmann, J and Klingmuller, U and Timmer, J and Theis, F J}, 
	title   = {High-dimensional Bayesian parameter estimation: Case study for a model of JAK2/STAT5 signaling},
	journal = {Math. Biosci.}, 
	year  = {2013},
	_month = {TODO}, 
	volume= {246}, 
	_number= {TODO}, 
	pages = {293-304},
}

@article{turing52,
	author  = {Turing, A M}, 
	title   = {The chemical basis of morphogenesis},
	journal = {Philos Trans R Soc Lond B Biol Sci}, 
	year  = {1952},
	_month = {TODO}, 
	volume= {237}, 
	number= {757-766}, 
	_pages = {TODO},
}

@article{vRiel13,
	author  = {Vanlier, J and Tiemann, C A and Hilbers, P A J and van Riel, N A W}, 
	title   = {Parameter uncertainty in biochemical models described by ordinary differential equations},
	journal = {Math. Biosci.}, 
	year  = {2013},
	_month = {TODO}, 
	volume= {246}, 
	_number= {TODO}, 
	pages = {305-314},
}

@article{wilkinson07,
	author  = {Wilkinson, D J}, 
	title   = {Bayesian methods in bioinformatics and computational systems biology},
	journal = {Briefings in Bioinformatics}, 
	year  = {2007},
	  month = {Apr}, 
	  volume= {8}, 
	  number= {2}, 
	  pages = {109-116}
}	


@article{zinzen07,
	author  = {Zinzen, R P and Papatsenko, D}, 
	title   = {Enhancer responses to similarly distributed antagonistic gradients in development},
	journal = {PLoS Comp Biol}, 
	year  = {2007},
	month = {Mar}, 
	volume= {3}, 
	_number= {TODO}, 
	_pages = {TODO},
}

%%%%%%%%%%%%%%%% Chickpea %%%%%%%%%%%%%%%%%%
%%%%%%%%%%%%%%%%%%%%%%%%%%%%%%%%%%%%%%%%%%%%
%%%%%%%%%%%%%%%%%%%%%%%%%%%%%%%%%%%%%%%%%%%%






@article{Zhan2011,
  doi = {10.1186/1471-2156-12-97},
  url = {https://doi.org/10.1186/1471-2156-12-97},
  year  = {2011},
  publisher = {Springer Nature},
  volume = {12},
  number = {1},
  pages = {97},
  author = {Haimao Zhan and Shizhong Xu},
  title = {Generalized linear mixed model for segregation distortion analysis},
  journal = {{BMC} Genetics}
}

@article{Da2014,
  doi = {10.1371/journal.pone.0087666},
  url = {https://doi.org/10.1371/journal.pone.0087666},
  year  = {2014},
  month = {jan},
  publisher = {Public Library of Science ({PLoS})},
  volume = {9},
  number = {1},
  pages = {e87666},
  author = {Yang Da and Chunkao Wang and Shengwen Wang and Guo Hu},
  editor = {Yi-Hsiang Hsu},
  title = {Mixed Model Methods for Genomic Prediction and Variance Component Estimation of Additive and Dominance Effects Using {SNP} Markers},
  journal = {{PLoS} {ONE}}
}

@article{Wang2014,
  doi = {10.1186/1471-2105-15-270},
  url = {https://doi.org/10.1186/1471-2105-15-270},
  year  = {2014},
  publisher = {Springer Nature},
  volume = {15},
  number = {1},
  pages = {270},
  author = {Chunkao Wang and Dzianis Prakapenka and Shengwen Wang and Sujata Pulugurta and Hakizumwami Runesha and Yang Da},
  title = {{GVCBLUP}: a computer package for genomic prediction and variance component estimation of additive and dominance effects},
  journal = {{BMC} Bioinformatics}
}


@article{Purcell2007,
  doi = {10.1086/519795},
  url = {https://doi.org/10.1086/519795},
  year  = {2007},
  month = {sep},
  publisher = {Elsevier {BV}},
  volume = {81},
  number = {3},
  pages = {559--575},
  author = {Shaun Purcell and Benjamin Neale and Kathe Todd-Brown and Lori Thomas and Manuel A.R. Ferreira and David Bender and Julian Maller and Pamela Sklar and Paul I.W. de Bakker and Mark J. Daly and Pak C. Sham},
  title = {{PLINK}: A Tool Set for Whole-Genome Association and Population-Based Linkage Analyses},
  journal = {The American Journal of Human Genetics}
}


@article{Valdar2006,
  doi = {10.1534/genetics.106.060004},
  url = {https://doi.org/10.1534/genetics.106.060004},
  year  = {2006},
  month = {aug},
  publisher = {Genetics Society of America},
  volume = {174},
  number = {2},
  pages = {959--984},
  author = {William Valdar and Leah C. Solberg and Dominique Gauguier and William O. Cookson and J. Nicholas P. Rawlins and Richard Mott and Jonathan Flint},
  title = {Genetic and Environmental Effects on Complex Traits in Mice},
  journal = {Genetics}
}

@article{Ogunniyan2014,
  doi = {10.1016/j.nigjg.2015.06.005},
  url = {https://doi.org/10.1016/j.nigjg.2015.06.005},
  year  = {2014},
  month = {jul},
  publisher = {Elsevier {BV}},
  volume = {28},
  number = {2},
  pages = {24--28},
  author = {D.J. Ogunniyan and S.A. Olakojo},
  title = {Genetic variation,  heritability,  genetic advance and agronomic character association of yellow elite inbred lines of maize (Zea mays L.)},
  journal = {Nigerian Journal of Genetics}
}





@article{vonWettberg2018,
  doi = {10.1038/s41467-018-02867-z},
  url = {https://doi.org/10.1038/s41467-018-02867-z},
  year  = {2018},
  month = {feb},
  publisher = {Springer Nature},
  volume = {9},
  number = {1},
  author = {Eric J.B. von Wettberg and Peter L. Chang and Fatma Ba{\c{s}}demir and Noelia Carrasquila-Garcia and Lijalem Balcha Korbu and Susan M. Moenga and Gashaw Bedada and Alex Greenlon and Ken S. Moriuchi and Vasantika Singh and Matilde A. Cordeiro and Nina V. Noujdina and Kassaye Negash Dinegde and Syed Gul Abbas Shah Sani and Tsegaye Getahun and Lisa Vance and Emily Bergmann and Donna Lindsay and Bullo Erena Mamo and Emily J. Warschefsky and Emmanuel Dacosta-Calheiros and Edward Marques and Mustafa Abdullah Yilmaz and Ahmet Cakmak and Janna Rose and Andrew Migneault and Christopher P. Krieg and Sevgi Saylak and Hamdi Temel and Maren L. Friesen and Eleanor Siler and Zhaslan Akhmetov and Huseyin Ozcelik and Jana Kholova and Canan Can and Pooran Gaur and Mehmet Yildirim and Hari Sharma and Vincent Vadez and Kassahun Tesfaye and Asnake Fikre Woldemedhin and Bunyamin Tar'an and Abdulkadir Aydogan and Bekir Bukun and R. Varma Penmetsa and Jens Berger and Abdullah Kahraman and Sergey V. Nuzhdin and Douglas R. Cook},
  title = {Ecology and genomics of an important crop wild relative as a prelude to agricultural innovation},
  journal = {Nature Communications}
}

@article{Bandillo2017,
  doi = {10.3835/plantgenome2016.06.0054},
  url = {https://doi.org/10.3835/plantgenome2016.06.0054},
  year  = {2017},
  publisher = {Crop Science Society of America},
  volume = {10},
  number = {2},
  pages = {0},
  author = {Nonoy B. Bandillo and Aaron J. Lorenz and George L. Graef and Diego Jarquin and David L. Hyten and Randall L Nelson and James E. Specht},
  title = {Genome-wide Association Mapping of Qualitatively Inherited Traits in a Germplasm Collection},
  journal = {The Plant Genome}
}

@article{Yu2008,
  doi = {10.1534/genetics.107.074245},
  url = {https://doi.org/10.1534/genetics.107.074245},
  year  = {2008},
  month = {jan},
  publisher = {Genetics Society of America},
  volume = {178},
  number = {1},
  pages = {539--551},
  author = {Jianming Yu and James B. Holland and Michael D. McMullen and Edward S. Buckler},
  title = {Genetic Design and Statistical Power of Nested Association Mapping in Maize},
  journal = {Genetics}
}

@article{McMullen2009,
  doi = {10.1126/science.1174320},
  url = {https://doi.org/10.1126/science.1174320},
  year  = {2009},
  month = {aug},
  publisher = {American Association for the Advancement of Science ({AAAS})},
  volume = {325},
  number = {5941},
  pages = {737--740},
  author = {M. D. McMullen and S. Kresovich and H. S. Villeda and P. Bradbury and H. Li and Q. Sun and S. Flint-Garcia and J. Thornsberry and C. Acharya and C. Bottoms and P. Brown and C. Browne and M. Eller and K. Guill and C. Harjes and D. Kroon and N. Lepak and S. E. Mitchell and B. Peterson and G. Pressoir and S. Romero and M. O. Rosas and S. Salvo and H. Yates and M. Hanson and E. Jones and S. Smith and J. C. Glaubitz and M. Goodman and D. Ware and J. B. Holland and E. S. Buckler},
  title = {Genetic Properties of the Maize Nested Association Mapping Population},
  journal = {Science}
}

@article{Ordonez2015,
  doi = {10.1371/journal.ppat.1005197},
  url = {https://doi.org/10.1371/journal.ppat.1005197},
  year  = {2015},
  month = {nov},
  publisher = {Public Library of Science ({PLoS})},
  volume = {11},
  number = {11},
  pages = {e1005197},
  author = {Nadia Ordonez and Michael F. Seidl and Cees Waalwijk and Andr{\'{e}} Drenth and Andrzej Kilian and Bart P. H. J. Thomma and Randy C. Ploetz and Gert H. J. Kema},
  editor = {Donald C Sheppard},
  title = {Worse Comes to Worst: Bananas and Panama Disease{\textemdash}When Plant and Pathogen Clones Meet},
  journal = {{PLOS} Pathogens}
}

@article{He2014,
  doi = {10.3389/fpls.2014.00484},
  url = {https://doi.org/10.3389/fpls.2014.00484},
  year  = {2014},
  month = {sep},
  publisher = {Frontiers Media {SA}},
  volume = {5},
  author = {Jiangfeng He and Xiaoqing Zhao and Andr{\~{A}}{\textcopyright} Laroche and Zhen-Xiang Lu and HongKui Liu and Ziqin Li},
  title = {Genotyping-by-sequencing ({GBS}),  an ultimate marker-assisted selection ({MAS}) tool to accelerate plant breeding},
  journal = {Frontiers in Plant Science}
}

@article{Swarts2014,
  doi = {10.3835/plantgenome2014.05.0023},
  url = {https://doi.org/10.3835/plantgenome2014.05.0023},
  year  = {2014},
  publisher = {Crop Science Society of America},
  volume = {7},
  number = {3},
  pages = {0},
  author = {Kelly Swarts and Huihui Li and J. Alberto Romero Navarro and Dong An and Maria Cinta Romay and Sarah Hearne and Charlotte Acharya and Jeffrey C. Glaubitz and Sharon Mitchell and Robert J. Elshire and Edward S. Buckler and Peter J. Bradbury},
  title = {Novel Methods to Optimize Genotypic Imputation for Low-Coverage,  Next-Generation Sequence Data in Crop Plants},
  journal = {The Plant Genome}
}

@Article{McCouch2013,
author={McCouch, S.},
title={Agriculture: feeding the future},
journal={Nature},
year={2013},
volume={499},
doi={10.1038/499023a},
url={https://doi.org/10.1038/499023a}
}

@Article{Dempewolf2014,
author={Dempewolf, H.},
title={Adapting agriculture to climate change: a global initiative to collect, conserve, and use crop wild relatives},
journal={Agroecol. Sustain. Food Syst.},
year={2014},
volume={38},
doi={10.1080/21683565.2013.870629},
url={https://doi.org/10.1080/21683565.2013.870629}
}

@Article{Hajjar2007,
author={Hajjar, R.
and Hodgkin, T.},
title={The use of wild relatives in crop improvement: a survey of developments over the last 20 years},
journal={Euphytica},
year={2007},
volume={156},
doi={10.1007/s10681-007-9363-0},
url={https://doi.org/10.1007/s10681-007-9363-0}
}

@Article{Ford-Lloyd2001,
author={Ford-Lloyd, B. V.},
title={Crop wild relatives--undervalued, underutilized and under threat?},
journal={Bioscience},
year={2001},
volume={61},
doi={10.1525/bio.2011.61.7.10},
url={https://doi.org/10.1525/bio.2011.61.7.10}
}

@Article{Brumlop2013,
author={Brumlop, S.},
title={What is the SMARTest way to breed plants and increase agrobiodiversity?},
journal={Euphytica},
year={2013},
volume={194},
doi={10.1007/s10681-013-0960-9},
url={https://doi.org/10.1007/s10681-013-0960-9}
}

@Misc{ref6,
title={Maxted, N. \& Kell, S. P. Establishment of a Global Network for the in situ Conservation of Crop Wild Relatives: Status and Needs. (FAO Commission on Genetic Resources for Food and Agriculture, 2009).}
}

@Article{Kawecki2004,
author={Kawecki, T. J.
and Ebert, D.},
title={Conceptual issues in local adaptation},
journal={Ecol. Lett.},
year={2004},
volume={7},
doi={10.1111/j.1461-0248.2004.00684.x},
url={https://doi.org/10.1111/j.1461-0248.2004.00684.x}
}

@Misc{ref8,
title={Zohary, D. et al. Domestication of Plants in the Old World: The Origin and Spread of Domesticated Plants in Southwest Asia, Europe, and the Mediterranean Basin. (Oxford University Press, 2012).}
}

@Article{Varshney2013,
author={Varshney, R. K.},
title={Draft genome sequence of chickpea (Cicer arietinum) provides a resource for trait improvement},
journal={Nat. Biotechnol.},
year={2013},
volume={31},
doi={10.1038/nbt.2491},
url={https://doi.org/10.1038/nbt.2491}
}

@Article{Abbo2003,
author={Abbo, S.},
title={Viewpoint: evolution of cultivated chickpea: four bottlenecks limit diversity and constrain adaptation},
journal={Funct. Plant Biol.},
year={2003},
volume={30},
doi={10.1071/FP03084},
url={https://doi.org/10.1071/FP03084}
}

@Article{Roorkiwal2014,
author={Roorkiwal, M.},
title={Exploring germplasm diversity to understand the domestication process in Cicer spp. using SNP and DArT markers},
journal={Plosone},
year={2014},
volume={9},
doi={10.1371/journal.pone.0102016},
url={https://doi.org/10.1371/journal.pone.0102016}
}

@Article{Berger2003,
author={Berger, J.},
title={Ecogeography of Annual Wild Species},
journal={Crop. Sci.},
year={2003},
volume={43},
doi={10.2135/cropsci2003.1076},
url={https://doi.org/10.2135/cropsci2003.1076}
}

@Misc{ref13,
title={Food and Agriculture Organization. International Treaty on Plant Genetic Resources for Food and Agriculture. (FAO, 2011).}
}

@Article{Hijmans2005,
author={Hijmans, R. J.},
title={Very high resolution interpolated climate surfaces for global land areas},
journal={Int. Journal. Climatol.},
year={2005},
volume={25},
doi={10.1002/joc.1276},
url={https://doi.org/10.1002/joc.1276}
}

@Article{Chew2012,
author={Chew, Y. H.},
title={An augmented Arabidopsis phenology model reveals seasonal temperature control of flowering time},
journal={New Phytol.},
year={2012},
volume={194},
doi={10.1111/j.1469-8137.2012.04069.x},
url={https://doi.org/10.1111/j.1469-8137.2012.04069.x}
}

@Article{Penmetsa2016,
author={Penmetsa, R. V.},
title={Allelic variation at a domestication-related transcription factor and the multiple origins of the kabuli chickpea (Cicer arietinum)},
journal={New Phytol.},
year={2016},
volume={211},
doi={10.1111/nph.14010},
url={https://doi.org/10.1111/nph.14010}
}

@Article{Pritchard2000,
author={Pritchard, J. K.},
title={Inference of population structure using multilocus genotype data},
journal={Genetics},
year={2000},
volume={155}
}

@Article{Evanno2005,
author={Evanno, G.},
title={Detecting the number of clusters of individuals using the software STRUCTURE: a simulation study},
journal={Mol. Ecol.},
year={2005},
volume={14},
doi={10.1111/j.1365-294X.2005.02553.x},
url={https://doi.org/10.1111/j.1365-294X.2005.02553.x}
}

@Article{Pickrell2012,
author={Pickrell, J. K.
and Pritchard, J. K.},
title={Inference of population splits and mixtures from genome-wide allele frequency data},
journal={PLoS. Genet.},
year={2012},
volume={8},
doi={10.1371/journal.pgen.1002967},
url={https://doi.org/10.1371/journal.pgen.1002967}
}

@Article{Reich2009,
author={Reich, D.},
title={Reconstructing Indian population history},
journal={Nature},
year={2009},
volume={461},
doi={10.1038/nature08365},
url={https://doi.org/10.1038/nature08365}
}

@Article{Bradburd2013,
author={Bradburd, G. S.},
title={Disentangling the effects of geographic and ecological isolation on genetic differentiation},
journal={Evolution},
year={2013},
volume={67},
doi={10.1111/evo.12193},
url={https://doi.org/10.1111/evo.12193}
}

@Article{Gronau2011,
author={Gronau, I.},
title={Bayesian inference of ancient human demography from individual genome sequences},
journal={Nat. Genet.},
year={2011},
volume={43},
doi={10.1038/ng.937},
url={https://doi.org/10.1038/ng.937}
}

@Misc{ref23,
title={Redden, R. J. \& Berger, J. D. In: Chickpea Breeding and Management. (eds Yadav, S.S., Redden, R. J., Chen, W. \& Sharma, B.) Ch. 1 (CAB International, 2007).}
}

@Article{Jones2006,
author={Jones, K. A.},
title={Interaction between seed crypsis and habitat structure influence patch choice in a granivorous bird, the chaffinch Fringilla coelebs},
journal={Journal. Avian Biol.},
year={2006},
volume={37},
doi={10.1111/j.2006.0908-8857.03883.x},
url={https://doi.org/10.1111/j.2006.0908-8857.03883.x}
}

@Article{Bricker2010,
author={Bricker, M.},
title={Small-mammal seed predation limits the recruitment and abundance of two perennial grassland forbs},
journal={Ecology},
year={2010},
volume={91},
doi={10.1890/08-1773.1},
url={https://doi.org/10.1890/08-1773.1}
}

@Article{Porter2013,
author={Porter, S. S.},
title={Adaptive divergence in seed color camouflage in contrasting soil environments},
journal={New Phytol.},
year={2013},
volume={197},
doi={10.1111/nph.12110},
url={https://doi.org/10.1111/nph.12110}
}

@Article{Ray1997,
author={Ray, J. D.
and Sinclair, T. R.},
title={Stomatal closure of maize hybrids in response to drying soil},
journal={Crop. Sci.},
year={1997},
volume={37},
doi={10.2135/cropsci1997.0011183X003700030018x},
url={https://doi.org/10.2135/cropsci1997.0011183X003700030018x}
}

@Article{Kholová2010a,
author={Kholov{\'a}, J.},
title={Constitutive water-conserving mechanisms are correlated with the terminal drought tolerance of pearl millet [Pennisetum glaucum (L.) R. Br.]},
journal={J. Exp. Bot.},
year={2010},
volume={61},
doi={10.1093/jxb/erp314},
url={https://doi.org/10.1093/jxb/erp314}
}

@Article{Kholová2014,
author={Kholov{\'a}, J.},
title={Modeling the effect of plant water use traits on yield and stay-green expression in sorghum},
journal={Funct. Plant Biol.},
year={2014},
volume={41},
doi={10.1071/FP13355},
url={https://doi.org/10.1071/FP13355}
}

@Article{Zaman-Allah2011,
author={Zaman-Allah, M.},
title={A conservative pattern of water use, rather than deep or profuse rooting, is critical for the terminal drought tolerance of chickpea},
journal={J. Exp. Bot.},
year={2011},
volume={62},
doi={10.1093/jxb/err139},
url={https://doi.org/10.1093/jxb/err139}
}

@Article{Kholová2010b,
author={Kholov{\'a}, J.},
title={Terminal drought-tolerant pearl millet [Pennisetum glaucum (L.) R. Br.] have high leaf ABA and limit transpiration at high vapor pressure deficit},
journal={J. Exp. Bot.},
year={2010},
volume={61},
doi={10.1093/jxb/erq013},
url={https://doi.org/10.1093/jxb/erq013}
}

@Article{Prakash2007,
author={Prakash, M. R.},
title={Evaluation of chickpea (Cicer arietinum L.) germplasm for the resistance to gram pod borer, Helicoverpa armigera Hubner (Lepidoptera: Noctuidae)},
journal={Journal. {\`E}ntomol. Res.},
year={2007},
volume={31}
}

@Article{Corbesier2007,
author={Corbesier, L.},
title={FT protein movement contributes to long-distance signaling in floral induction of Arabidopsis},
journal={Science},
year={2007},
volume={31},
doi={10.1126/science.1141752},
url={https://doi.org/10.1126/science.1141752}
}

@Article{Hecht2005,
author={Hecht, V.},
title={Conservation of Arabidopsis flowering genes in model legumes},
journal={Plant. Physiol.},
year={2005},
volume={137},
doi={10.1104/pp.104.057018},
url={https://doi.org/10.1104/pp.104.057018}
}

@Article{Gaur1990,
author={Gaur, P. M.
and Slinkard, A. E.},
title={Genetic control and linkage relations of additional isozyme markers in chickpea},
journal={Theor. Appl. Genet.},
year={1990},
volume={80},
doi={10.1007/BF00224225},
url={https://doi.org/10.1007/BF00224225}
}

@Article{Tanksley1997,
author={Tanksley, S. D.
and McCouch, S. R.},
title={Seed banks and molecular maps: unlocking genetic potential from the wild},
journal={Science},
year={1997},
volume={277},
doi={10.1126/science.277.5329.1063},
url={https://doi.org/10.1126/science.277.5329.1063}
}

@Article{Maxted2012,
author={Maxted, N.},
title={Toward the systematic conservation of global crop wild relative diversity},
journal={Crop. Sci.},
year={2012},
volume={52},
doi={10.2135/cropsci2011.08.0415},
url={https://doi.org/10.2135/cropsci2011.08.0415}
}

@Article{New2002,
author={New, M.
and Lister, D.
and Hulme, M.
and Makin, I.},
title={A high-resolution data set of surface climate over global land areas},
journal={Clim. Res.},
year={2002},
volume={21},
doi={10.3354/cr021001},
url={https://doi.org/10.3354/cr021001}
}

@Article{Ben-David2010,
author={Ben-David, R.
and Abbo, S.
and Berger, J. D.},
title={Stress gradients select for ecotype formation in Cicer judaicum Boiss a wild relative of domesticated chickpea},
journal={Genet. Resour. Crop. Evol.},
year={2010},
volume={57},
doi={10.1007/s10722-009-9461-z},
url={https://doi.org/10.1007/s10722-009-9461-z}
}

@Article{Li2010,
author={Li, H.
and Durbin, R.},
title={Fast and accurate long-read alignment with Burrows-Wheeler transform},
journal={Bioinformatics},
year={2010},
volume={26},
doi={10.1093/bioinformatics/btp698},
url={https://doi.org/10.1093/bioinformatics/btp698}
}

@Article{McKenna2010,
author={McKenna, A.},
title={The Genome Analysis Toolkit: a MapReduce framework for analyzing next-generation DNA sequencing data},
journal={Genome Res.},
year={2010},
volume={20},
doi={10.1101/gr.107524.110},
url={https://doi.org/10.1101/gr.107524.110}
}

@Article{DePristo2011,
author={DePristo, M. A.},
title={A framework for variation discovery and genotyping using next-generation DNA sequencing data},
journal={Nat. Genet.},
year={2011},
volume={43},
doi={10.1038/ng.806},
url={https://doi.org/10.1038/ng.806}
}

@Misc{ref43,
title={van der Auwera, G.A. et al. From FastQ data to high-confidence variant calls: the Genome Analysis Toolkit best practices pipeline. Curr. Protoc. Bioinformatics43,https://doi.org/10.1002/0471250953.bi1110s43 (2013).}
}

@Article{Falush2007,
author={Falush, D.
and Stephens, M.
and Pritchard, J. K.},
title={Inference of population structure using multilocus genotype data: dominant markers and null alleles},
journal={Mol. Ecol.},
year={2007},
volume={7}
}

@Article{Hubisz2009,
author={Hubisz, M. J.
and Falush, D.
and Stephens, M.
and Pritchard, J. K.},
title={Inferring weak population structure with the assistance of sample group information},
journal={Mol. Ecol. Resour.},
year={2009},
volume={9},
doi={10.1111/j.1755-0998.2009.02591.x},
url={https://doi.org/10.1111/j.1755-0998.2009.02591.x}
}

@Article{Earl2012,
author={Earl, D. A.},
title={STRUCTURE HARVESTER: a website and program for visualizing STRUCTURE output and implementing the Evanno method},
journal={Conserv. Genet. Resour.},
year={2012},
volume={4},
doi={10.1007/s12686-011-9548-7},
url={https://doi.org/10.1007/s12686-011-9548-7}
}

@Article{Zheng2012,
author={Zheng, X.},
title={A high-performance computing toolset for relatedness and principal component analysis of SNP data},
journal={Bioinformatics},
year={2012},
volume={28},
doi={10.1093/bioinformatics/bts606},
url={https://doi.org/10.1093/bioinformatics/bts606}
}

@Article{Jombart2008,
author={Jombart, T.},
title={Adegenet: a R package for the multivariate analysis of genetic markers},
journal={Bioinformatics},
year={2008},
volume={24},
doi={10.1093/bioinformatics/btn129},
url={https://doi.org/10.1093/bioinformatics/btn129}
}

@Article{Jombart2011,
author={Jombart, T.
and Ahmed, I.},
title={Adegenet 1.3-1: new tools for the analysis of genome-wide SNP data},
journal={Bioinformatics},
year={2011},
volume={27},
doi={10.1093/bioinformatics/btr521},
url={https://doi.org/10.1093/bioinformatics/btr521}
}

@Article{Freedman2014,
author={Freedman, A. H.},
title={Genome sequencing highlights the dynamic early history of dogs},
journal={PLoS. Genet.},
year={2014},
volume={10},
doi={10.1371/journal.pgen.1004016},
url={https://doi.org/10.1371/journal.pgen.1004016}
}

@Article{Abràmoff2004,
author={Abr{\`a}moff, M. D.
and Magalh{\~a}es, P. J.
and Ram, S. J.},
title={Image processing with ImageJ},
journal={Biophotonics Int.},
year={2004},
volume={11}
}

@Article{Stevens2007,
author={Stevens, M.},
title={Predator perception and the interrelation between different forms of protective coloration},
journal={Proc. R. Soc. B: Biol. Sci.},
year={2007},
volume={274},
doi={10.1098/rspb.2007.0220},
url={https://doi.org/10.1098/rspb.2007.0220}
}

@Article{Ritchie1981,
author={Ritchie, J. T.},
title={Soil water availability},
journal={Plant. Soil.},
year={1981},
volume={58},
doi={10.1007/BF02180061},
url={https://doi.org/10.1007/BF02180061}
}

@Article{Ray1998,
author={Ray, J. D.
and Sinclair, T. R.},
title={The effect of pot size on growth and transpiration of maize and soybean during water deficit stress},
journal={J. Exp. Bot.},
year={1998},
volume={49},
doi={10.1093/jxb/49.325.1381},
url={https://doi.org/10.1093/jxb/49.325.1381}
}

@Article{Hargreaves2003,
author={Hargreaves, G. H.
and Allen, R. G.},
title={History and evaluation of Hargreaves evapotranspiration equation},
journal={J. Irrig. Drain. Eng.},
year={2003},
volume={129},
doi={10.1061/(ASCE)0733-9437(2003)129:1(53)},
url={https://doi.org/10.1061/(ASCE)0733-9437(2003)129:1(53)}
}

@Article{Salt2008,
author={Salt, D. E.
and Baxter, I.
and Lahner, B.},
title={Ionomics and the study of the plant ionome},
journal={Annu. Rev. Plant. Biol.},
year={2008},
volume={59},
doi={10.1146/annurev.arplant.59.032607.092942},
url={https://doi.org/10.1146/annurev.arplant.59.032607.092942}
}

@Article{Baxter2010,
author={Baxter, I.},
title={Ionomics: The functional genomics of elements},
journal={Brief. Funct. Genom.},
year={2010},
volume={9},
doi={10.1093/bfgp/elp055},
url={https://doi.org/10.1093/bfgp/elp055}
}

@Misc{ref58,
title={Sharma, H.C. Heliothis/Helicoverpa management: emerging trends and strategies for future research. Oxford \& IBH Publishing Co. Pvt. Ltd (2005).}
}

@Article{Kahraman2017,
author={Kahraman, A.},
title={Distinct subgroups of Cicer echinospermum are associated with hybrid sterility and hybrid breakdown in interspecific crosses with cultivated chickpea},
journal={Crop Sci.},
year={2017},
volume={57},
doi={10.2135/cropsci2017.06.0335},
url={https://doi.org/10.2135/cropsci2017.06.0335}
}

@Misc{ref60,
title={Ertiro, B. T. et al. Comparison of Kompetitive Allele Specific PCR (KASP) and genotyping by sequencing (GBS) for quality control analysis in maize. BMC Genomics. 16, 908. https://doi.org/10.1186/s12864-015-2180-2.}
}

@Misc{ref61,
title={Phillips, S. J., Dud{\'i}k, M. \& Schapire, R. E. Maxent software for modeling species niches and distributions v. 3.4.1. (AMNH, 2017).}
}




@article{naito06,
	author  = {Naito, K and Cho, E and Yang, G and Campbell, M A and Yano, K and Okumoto, Y and Tanisaka, T and Wessler, S R}, 
	title   = {Dramatic amplification of a rice transposable element during recent domestication},
	journal = {Proc Natl Acad Sci USA}, 
	year  = {2006},
	_month = {TODO}, 
	volume= {103}, 
	number= {47}, 
	pages = {17620-17625}
}

@article{wessler96,
	author  = {Wessler, S R}, 
	title   = {Plant retrotransposons: Turned on by stress},
	journal = {Curr Biol}, 
	year  = {1996},
	month = {TODO}, 
	volume= {6}, 
	number= {8}, 
	pages = {959-961}
}

@article{paterson09,
	author  = {Paterson, A H  and et al.}, 
	title   = {The \textit{Sorghum bicolor} genome and the diversification of grasses.},
	journal = {Nature}, 
	year  = {2009},
	_month = {TODO}, 
	volume= {457}, 
	_number= {TODO}, 
	pages = {551-556}
}

@article{lockton08,
	author  = {Lockton, S and Ross-Ibarra, J and Gaut, B S}, 
	title   = {Demography and weak selection drive patterns of transposable element diversity in natural populations of \textit{Arabidopsis lyrata}},
	journal = {Proc Nat Acad Sci USA}, 
	year  = {2008},
	_month = {TODO}, 
	volume= {105}, 
	number= {37}, 
	pages = {13965-13970}
}

@article{brenchly12,
	author  = {Brenchly, R and et al.}, 
	title   = {Analysis of the bread wheat genome using whole-genome shotgun sequencing},
	journal = {Nature}, 
	year  = {2012},
	_month = {TODO}, 
	volume= {491}, 
	number= {7426}, 
	pages = {705-710}
}

@article{krueger,
	author  = {Krueger, F}, 
	title   = {Trim Galore},
	journal = {\\http://www.bioinformatics.babraham.ac.uk/projects/trim\_galore}, 
	_year  = {},
	_month = {}, 
	_volume= {}, 
	_number= {}, 
	_pages = {}
}

@article{varshney13,
	author  = {Varshney, R K and et. al.}, 
	title   = {Draft genome sequence of chickpea (\textit{Cicer arietinum}) provides a resource for trait improvement},
	journal = {Nature Biotech}, 
	year  = {2013},
	_month = {TODO}, 
	volume= {31}, 
	_number= {TODO}, 
	pages = {240-246}
}

@article{xu07,
	author  = {Xu, Z and Wang, H}, 
	title   = {LTR\_FINDER: an efficient tool for the prediction of full-length LTR retrotransposons},
	journal = {Nucleic Acids Res}, 
	year  = {2007},
	_month = {TODO}, 
	volume= {35}, 
	_number= {TODO}, 
	pages = {W265-W268}
}

@article{wheeler13,
	author  = {Wheeler, T J and Clements, J and Eddy, S R and Hubley, R and Jones, T A and Jurka, J and Smit, A F and Finn, R D}, 
	title   = {Dfam: a database of repetitive DNA based on profile
hidden Markov models},
	journal = {Nucleic Acids Res}, 
	year  = {2013},
	month = {TODO}, 
	volume= {41}, 
	number= {TODO}, 
	pages = {D70-D82}
}

@article{steinbiss09,
	author  = {Steinbiss, S and Willhoeft, U and Gremme, G and Kurtz, S}, 
	title   = {Fine-grained annotation and classification of \textit{de novo} predicted LTR retrotransposons},
	journal = {Nucleic Acids Res}, 
	year  = {2009},
	_month = {TODO}, 
	volume= {37}, 
	_number= {TODO}, 
	pages = {7002-7013}
}

@article{ellinghaus08,
	author  = {Ellinghaus, D and Kurtz, S and Willhoeft, U}, 
	title   = {LTRharvest, an efficient and flexible software for de novo detection of LTR retrotransposons},
	journal = {BMC Bioinform}, 
	year  = {2008},
	_month = {TODO}, 
	volume= {9}, 
	_number= {TODO}, 
	pages = {18}
}

@article{bergman07,
	author  = {Bergman, C M and Quesneville, H}, 
	title   = {Discovering and detecting transposable elements in genome sequences},
	journal = {2007}, 
	year  = {Brief Bioinform},
	_month = {TODO}, 
	volume= {8}, 
	_number= {TODO}, 
	pages = {382-392}
}

@article{bao02,
	author  = {Bao, Z and Eddy, S R}, 
	title   = {Automated \textit{de novo} identification of repeat sequence families in sequenced genomes},
	journal = {Genome Res}, 
	year  = {2002},
	_month = {TODO}, 
	volume= {12}, 
	_number= {TODO}, 
	pages = {1269-1276}
}

@article{beule15,
	author  = {Beule,T and Agbessi, M D T and Dussert, S and Jaligot, E and Guyot, R}, 
	title   = {Genome-wide analysis of LTR-retrotransposons in oil palm},
	journal = {BMC Genomics}, 
	year  = {2015},
	_month = {TODO}, 
	volume= {16}, 
	_number= {TODO}, 
	pages = {795}
}

@article{jurka05,
	author  = {Jurka, J and Kapitonov, VV and Pavlicek, A and Klonowski, P and Kohany, O and Walichiewicz, J}, 
	title   = {Repbase update, a database of eukaryotic repetitive elements},
	journal = {Cytogenet Genome Res}, 
	year  = {2005},
	_month = {TODO}, 
	volume= {110}, 
	_number= {TODO}, 
	pages = {462-467}
}

@article{camacho09,
	author  = {Camacho, C and Coulouris, G and Avagyan, V and Ma, N amd Papadopoulos, J and Bealer, K and Madden, T L}, 
	title   = {BLAST+: architecture and applications},
	journal = {BMC Bioinformatics}, 
	year  = {2009},
	_month = {TODO}, 
	volume= {10}, 
	_number= {TODO}, 
	pages = {421}
}

@article{charlesworth83,
	author  = {Charlesworth, B and Charlesworth, D}, 
	title   = {The population dynamics of transposable elements},
	journal = {Genet Res Camb}, 
	year  = {1983},
	_month = {TODO}, 
	volume= {42}, 
	_number= {TODO}, 
	pages = {1-27}
}

@article{blondel08,
	author  = {Blondel, VD and Guillaume, J and Lambiotte, R and Lefebvre, E}, 
	title   = {Fast unfolding of communities in large networks},
	journal = {J Stat Mech}, 
	year  = {2008},
	_month = {TODO}, 
	volume= {10}, 
	_number= {TODO}, 
	pages = {P10008}
}

@article{secrier09,
	author  = {Secrier, M and Toni, T and Stumpf, M P H}, 
	title   = {The ABC of reverse engineering biological
signalling systems},
	journal = {Mol Biosyst}, 
	year  = {2009},
	_month = {TODO}, 
	volume= {5}, 
	_number= {TODO}, 
	pages = {1925-1935}
}

@article{delmoral06,
	author  = {Del Moral, P and Doucet, A and Jasra, A}, 
	title   = {Sequential Monte Carlo samplers},
	journal = {J R Stat Soc Series B Stat Methodol}, 
	year  = {2006},
	_month = {TODO}, 
	volume= {68}, 
	_number= {TODO}, 
	pages = {411-436}
}

@article{marjoram03,
	author  = {Marjoram, P and Molitor, J and Plagnol, V and Tavare, S}, 
	title   = {Markov chain Monte Carlo without likelihoods},
	journal = {Proc Natl Acad Sci USA}, 
	year  = {2003},
	_month = {}, 
	volume= {100}, 
	_number= {TODO}, 
	pages = {15324-15328}
}

@article{jung11,
	author  = {Jung, H and Marjoram, P}, 
	title   = {Choice of summary statistic weights in approximate Bayesian computation},
	journal = {Stat Appl Genet Mol Biol}, 
	year  = {2011},
	_month = {TODO}, 
	volume= {10}, 
	_number= {TODO}, 
	pages = {45}
}

@article{nunes10,
	author  = {Nunes, M A and Balding, D J}, 
	title   = {On optimal selection of summary statistics for Approximate Bayesian Computation},
	journal = {Stat Appl Genet Mol Biol}, 
	year  = {2010},
	_month = {TODO}, 
	volume= {9}, 
	_number= {TODO}, 
	pages = {a34}
}

@article{joyce08,
	author  = {Joyce, P and Marjoram, P}, 
	title   = {Approximately sufficient statistics and Bayesian computation},
	journal = {Stat Appl Genet Mol Biol}, 
	year  = {2008},
	_month = {TODO}, 
	volume= {7}, 
	_number= {TODO}, 
	pages = {6}
}

@article{tavare97,
	author  = {Tavare, S and Balding, D and Griffiths, R and Donnelly, P}, 
	title   = {Inferring coalescence times from DNA
sequence data},
	journal = {Genetics}, 
	year  = {1997},
	_month = {TODO}, 
	volume= {145}, 
	_number= {TODO}, 
	pages = {505-518}
}

@article{rubin84,
	author  = {Rubin, D B}, 
	title   = {Bayesianly justifable and relevant frequency calculations for the applied
statistician},
	journal = {Ann Stat}, 
	year  = {1984},
	_month = {TODO}, 
	volume= {12}, 
	_number= {TODO}, 
	pages = {1151-1172}
}

@book{ripley82,
	author    = {Ripley, B D}, 
	title     = {Stochastic Simulations},
	publisher = {John Wiley \& Sons, Inc}, 
	year      = {1982},
	address   = {New York} 
}

@book{jeffreys61,
	author    = {Jeffreys, H}, 
	title     = {Theory of Probability, 3rd edn.},
	publisher = {Calderon Press}, 
	year      = {1961},
	address   = {Oxford} 
}


@article{sunnaker13,
	author  = {Sunnaker, M and Busetto, A G and Numminen, E and Corander, J and Foll, M and Dessimoz, C}, 
	title   = {Approximate Bayesian Computation},
	journal = {PLoS Comput Biol}, 
	year  = {2013},
	_month = {TODO}, 
	volume= {9}, 
	number= {1}, 
	pages = {e1002803}
}

@article{wilkinson13,
	author  = {Wilkinson, R D}, 
	title   = {Approximate Bayesian computation (ABC) gives exact results under the assumption of model error},
	journal = {Stat Appl in Genet and Mol. Biol.}, 
	year  = {2013},
	_month = {TODO}, 
	volume= {12}, 
	number= {2}, 
	pages = {129-141}
}

@article{beaumont10,
	author  = {Beaumont, M A}, 
	title   = {Approximate Bayesian Computation in Evolution and Ecology},
	journal = {Annu. Rev. Ecol. Evol. Syst.}, 
	year  = {2010},
	_month = {TODO}, 
	volume= {41}, 
	_number= {TODO}, 
	pages = {379-406}
}

@article{chuong16,
	author  = {Chuong, E B and Elde, N C and Feschotte, C}, 
	title   = {Regulatory activities of transposable elements: from conflicts to benefits},
	journal = {Nat. Rev. Genetics}, 
	year  = {2016},
	_month = {TODO}, 
	_volume= {TODO}, 
	_number= {TODO}, 
	_pages = {TODO}
}

@article{maumus16,
	author  = {Maumus, F and Quesneville, H}, 
	title   = {Impact and insights from ancient repetitive elements in plant genomes},
	journal = {Curr Opinion in Plant Biol}, 
	year  = {2016},
	_month = {TODO}, 
	volume= {30}, 
	_number= {TODO}, 
	pages = {41-46}
}

@article{staton15a,
	author  = {Staton, S E and Burke, J M}, 
	title   = {Transposome: a toolkit for annotation of transposable element families from unassembled sequence reads},
	journal = {Bioinformatics}, 
	year  = {2015},
	_month = {TODO}, 
	volume= {31}, 
	number= {11}, 
	pages = {1827-1829}
}

@article{staton15b,
	author  = {Staton, S E and Burke, J M}, 
	title   = {Evolutionary transitions in the Asteraceae coincide with marked shifts in transposable element abundance},
	journal = {BMC Genomics}, 
	year  = {2015},
	_month = {TODO}, 
	volume= {16}, 
	_number= {TODO}, 
	pages = {623}
}

@article{bennetzen14,
	author  = {Bennetzen, J L and Wang, H}, 
	title   = {The Contributions of Transposable Elements to the Structure, Function, and Evolution of Plant Genomes},
	journal = {Annu. Rev. Plant Biol.}, 
	year  = {2014},
	_month = {TODO}, 
	volume= {65}, 
	_number= {TODO}, 
	pages = {505-530}
}

@article{hoede14,
	author  = {Hoede, C and Arnoux, S and Moisset, M and Chaumier, T and Inizan, O and Jamilloux, V and Quesneville, H}, 
	title   = {PASTEC: An Automatic Transposable Element Classification Tool},
	journal = {PLoS ONE}, 
	year  = {2014},
	_month = {TODO}, 
	volume= {9}, 
	number= {5}, 
	pages = {e91929}
}

@article{agren14,
	author  = {Agren, J A and Wang, W and Koenig, D and Neuffer, B and Weigel, D and Wright, S I}, 
	title   = {Mating system shifts and transposable element evolution in the plant genus \textit{Capsella}},
	journal = {BMC Genomics}, 
	year  = {2014},
	_month = {TODO}, 
	volume= {15}, 
	_number= {TODO}, 
	pages = {602}
}

@article{maumus14,
	author  = {Maumus, F and Quesneville, H}, 
	title   = {Deep Investigation of \textit{Arabidopsis thaliana} Junk DNA Reveals a Continuum between Repetitive Elements and Genomic Dark Matter},
	journal = {PLoS ONE}, 
	year  = {2014},
	_month = {TODO}, 
	volume= {9}, 
	number= {4}, 
	pages = {e94101}
}

@article{novak13,
	author  = {Novak, P and Neumann, P and Pech, J and Steinhaisl, J and Macas, J}, 
	title   = {RepeatExplorer: a Galaxy-based web server for genome-wide characterization of eukaryotic repetitive elements from next-generation sequence reads},
	journal = {Bioinformatics}, 
	year  = {2013},
	_month = {TODO}, 
	volume= {29}, 
	number= {6}, 
	pages = {792-793}
}

@article{lerouzic12,
	author  = {Le Rouzic, A and Payen, T and Hua-Van, A}, 
	title   = {Reconstructing the Evolutionary History of Transposable Elements},
	journal = {Genome Biol. Evol.}, 
	year  = {2012},
	_month = {TODO}, 
	volume= {5}, 
	number= {1}, 
	pages = {77-86}
}

@article{lisch13,
	author  = {Lisch, D}, 
	title   = {How important are transposons for plant evolution ?},
	journal = {Nat Rev Genetics}, 
	year  = {2013},
	_month = {TODO}, 
	volume= {14}, 
	_number= {TODO}, 
	pages = {49-61}
}

@article{flutre11,
	author  = {Flutre, T and Duprat, E and Feuillet, C and Quesneville, H}, 
	title   = {Considering Transposable Element Diversification in De Novo Annotation Approaches},
	journal = {PLoS ONE}, 
	year  = {2011},
	month = {Jan}, 
	volume= {6}, 
	number= {1}, 
	pages = {e16526}
}

@article{lerat10,
	author  = {Lerat, E}, 
	title   = {Identifying repeats and transposable elements in sequenced genomes: how to find your way through the dense forest of programs},
	journal = {Heredity}, 
	year  = {2010},
	_month = {TODO}, 
	volume= {104}, 
	_number= {TODO}, 
	pages = {520-533}
}

@article{tenaillon10,
	author  = {Tenaillon, M I and Hollister, J D and Gaut, B S}, 
	title   = {A triptych of the evolution of plant transposable elements},
	journal = {Trends in Plant Science}, 
	year  = {2010},
	_month = {TODO}, 
	volume= {15}, 
	_number= {TODO}, 
	pages = {471–478}
}


%%%%%%%%%%%%%%%% Review %%%%%%%%%%%%%%%%%%%%
%%%%%%%%%%%%%%%%%%%%%%%%%%%%%%%%%%%%%%%%%%%%
%%%%%%%%%%%%%%%%%%%%%%%%%%%%%%%%%%%%%%%%%%%%

@Article{Ando2003,
author={Ando, S.
and Iba, H.},
title={Estimation of gene regulatory networks by genetic algorithms and pairwise correlation analysis},
journal={Proc Congr Evol Comput},
year={2003},
volume={1},
pages={207-214}
}

@Article{Beavis1994,
author={Beavis, W. D.},
title={The power and deceit of QTL experiments: lessons from comparitive QTL studies},
journal={Proceedings Of The Forty Ninth Annual Corn And Sorghum Industrial Research Conference, American Seed Trade Association. Washington, Dc},
year={1994},
pages={250-266}
}

@Article{Charlesworth1996,
author={Charlesworth, B.
and Hughes, K. A.},
title={Age-specific inbreeding depression and components of genetic variance in relation to the evolution of senescence},
journal={Proc Nat Acad Sci Usa},
year={1996},
volume={93},
pages={6140-6145}
}

@Article{Cooper2002,
author={Cooper, M.
and Chapman, S. C.
and Podlich, D. W.
and Hammer, G. L.},
title={The GP problem: Quantifying gene-to-phenotype relationships},
journal={In Silico Biol},
year={2002},
volume={2},
pages={151-164}
}

@Article{Cooper2005,
author={Cooper, M.
and Podlich, D. W.
and Smith, O. S.},
title={Gene-to-phenotype models and complex trait genetics},
journal={Aust J Agric Res},
year={2005},
volume={56},
pages={895-918}
}

@Article{DelMoral2006,
author={Del Moral, P.
and Doucet, A.
and Jasra, A.},
title={Sequential Monte Carlo samplers},
journal={J R Stat Soc Series B Stat Methodol},
year={2006},
volume={68},
pages={411-436}
}

@Article{Dresch2010,
author={Dresch, J. M.
and Liu, X.
and Arnosti, D. N.
and Ay, A.},
title={Thermodynamic modeling of transcription: sensitivity analysis differentiates biological mechanism from mathematical model-induced effects},
journal={Bmc Syst Biol},
year={2010},
volume={4},
pages={142}
}

@Article{Eichler2010,
author={Eichler, E. E.
and Flint, J.
and Gibson, G.
and Kong, A.
and Leal, S. M.
and Moore, J. H.},
title={Missing heritability and strategies for finding the underlying causes of complex disease},
journal={Nat Rev Genet},
year={2010},
volume={11},
pages={446-450}
}

@Article{Fakhouri2010,
author={Fakhouri, W. D.
and Ay, A.
and Sayal, R.
and Dresch, J.
and Dayringer, E.
and Arnosti, D. N.},
title={Deciphering a transcriptional regulatory code: modeling short-range repression in the Drosophila embryo},
journal={Mol Syst Biol},
year={2010},
volume={6},
pages={341}
}

@Book{Falconer1996,
author={Falconer, D. S.
and Mackay, T. F. C.},
series={Introduction To Quantitative Genetics},
year={1996}
}

@Article{Gjuvsland2010,
author={Gjuvsland, A. B.
and Plahte, E.
and {\AA}dn{\o}y, T.
and Omholt, S. W.},
title={Allele Interaction - Single Locus Genetics Meets Regulatory Biology},
journal={P Lo S One},
year={2010},
volume={5},
pages={e9379}
}

@Article{Gjuvsland2011,
author={Gjuvsland, A. B.
and Vik, O. J.
and Woolliams, J. A.
and Omholt, S. W.},
title={Order-preserving principles underlying genotype-phenotype maps ensure high additive proportions of genetic variance},
journal={J Evol Biol},
year={2011},
volume={24},
pages={2269-2279}
}

@Article{Hammer2004,
author={Hammer, G. T.
and Sinclair, T. R.
and Chapman, S.
and Oostererom, E. V.},
title={On systems thinking, systems biology and the in silico plant},
journal={Plant Physiol},
year={2004},
volume={134},
pages={909-911}
}

@Article{Hastings1970,
author={Hastings, W. K.},
title={Monte Carlo sampling methods using Markov chains and their applications},
journal={Biometrika},
year={1970},
volume={57},
pages={97-109}
}

@Article{Hill2008,
author={Hill, W. G.
and Goddard, M. E.
and Visscher, P. M.},
title={Data and theory point to mainly additive genetic variance for complex traits},
journal={P Lo S Genet},
year={2008},
volume={4},
pages={e1000008}
}

@Article{Houle1998,
author={Houle, D.},
title={How should we explain variation in the genetic variance of traits?},
journal={Genetica},
year={1998},
volume={102-103},
pages={241-253}
}

@Article{Jordan2012,
author={Jordan, K. W.
and Craver, K. L.
and Magwire, M. M.
and Cubilla, C. E.
and Mackay, T. F. C.
and Anholt, R. R. H.},
title={Genome-Wide Association for Sensitivity to Chronic Oxidative Stress in Drosophila melanogaster},
journal={P Lo S One},
year={2012},
volume={7},
pages={e38722}
}

@Article{Joyce2008,
author={Joyce, P.
and Marjoram, P.},
title={Approximately sufficient statistics and Bayesian computation},
journal={Stat Appl Genet Mol Biol},
year={2008},
volume={7},
pages={6}
}

@Article{Jung2011,
author={Jung, H.
and Marjoram, P.},
title={Choice of summary statistic weights in approximate Bayesian computation},
journal={Stat Appl Genet Mol Biol},
year={2011},
volume={10},
pages={45}
}

@Article{Kang2010,
author={Kang, H. M.
and Sul, J. H.
and Service, S. K.
and Zaitlen, N. A.
and Kong, S. Y.
and Freimer, N. B.},
title={Variance component model to account for sample structure in genome-wide association studies},
journal={Nat Gen},
year={2010},
volume={42},
pages={348-354}
}

@Article{Koduru2008,
author={Koduru, P.
and Dong, Z.
and Das, S.
and Welch, S. M.
and Roe, J. L.
and Charbit, E.},
title={Multi-objective evolutionary-simplex hybrid approach for the optimization of differential equation models of gene networks},
journal={Ieee Trans Evol Comput},
year={2008},
volume={12},
pages={572-590}
}

@Article{Korte2012,
author={Korte, A.
and Vilhj{\'a}lmsson, B. J.
and Segura, V.
and Platt, A.
and Long, Q.
and Nordborg, M.},
title={A mixed-model approach for genome-wide association studies of correlated traits in structured populations},
journal={Nat Gen},
year={2012},
volume={44},
pages={1066-1071}
}

@Article{Kraft2008,
author={Kraft, P.},
title={Curses--Winner's and Otherwise--in Genetic Epidemiology},
journal={Epidemiology (Cambridge, Mass)},
year={2008},
volume={19},
pages={649-651}
}

@Book{Krauss2008,
author={Krauss, G.},
series={Biochemistry Of Signal Transduction And Regulation},
year={2008}
}

@Article{Kruglyak2008,
author={Kruglyak, L.},
title={The road to genome-wide association studies},
journal={Nat Rev Genet},
year={2008},
volume={9},
pages={314-318}
}

@Article{Liepe2010,
author={Liepe, J.
and Barnes, C.
and Cule, E.
and Erguler, K.
and Kirk, P.
and Toni, T.},
title={ABC-SysBio - approximate Bayesian computation in Python with GPU support},
journal={Bioinformatics},
year={2010},
volume={26},
pages={1797-1799}
}

@Article{Lindgren2009,
author={Lindgren, C. M.
and Heid, I. M.
and Randall, J. C.
and Lamina, C.
and Steinthorsdottir, V.
and Qi, L.},
title={Genome-wide association scan meta-analysis identifies three loci influencing adiposity and fat distribution},
journal={P Lo S Genet},
year={2009},
volume={5},
pages={e1000508}
}

@Article{Locke2005a,
author={Locke, J. C. W.
and Millar, A. J.
and Turner, M. S.},
title={Modelling genetic networks with noisy and varied experimental data: The circadian clock in Arabidopsis thaliana},
journal={J Theor Biol},
year={2005a},
volume={234},
pages={383-393}
}

@Article{Locke2005b,
author={Locke, J. C. W.
and Southern, M. M.
and Kozma-Bognar, L.
and Hibberd, V.
and Brown, P. E.
and Turner, M. S.},
title={Extension of a genetic network model by iterative experimentation and mathematical analysis},
journal={Mol Syst Biol},
year={2005b},
volume={1}
}

@Article{Long1999,
author={Long, A. D.
and Langley, C. H.},
title={The power of association studies to detect the contribution of candidate genetic loci to variation in complex traits},
journal={Genome Res},
year={1999},
volume={9},
pages={720-731}
}

@Book{Lynch1998,
author={Lynch, M.
and Walsh, J. B.},
series={Genetics And Analysis Of Quantitative Traits},
year={1998}
}

@Article{Mackay2001,
author={Mackay, T. F. C.},
title={The genetic architecture of quantitative traits},
journal={Ann Rev Genet},
year={2001},
volume={35},
pages={303-339}
}

@Article{Mackay2012,
author={Mackay, T. F. C.
and Richards, S.
and Stone, E. A.
and Barbadilla, A.
and Ayroles, J. F.
and Zhu, D.},
title={The Drosophila melanogaster genetic reference panel},
journal={Nature},
year={2012},
volume={482},
pages={173-178}
}

@Article{Malosetti2006,
author={Malosetti, M.
and Visser, R. G. F.
and Celis-Gamboa, C.
and Eeuwijk, A. V.},
title={QTL methodology for responsecurves on the basis of non-linear mixed models, with an illustration to senescence in potato},
journal={Theor Appl Genet},
year={2006},
volume={113},
pages={288-300}
}

@Article{Manolio2009,
author={Manolio, T. A.
and Collins, F. S.
and Cox, N. J.
and Goldstein, D. B.
and Hindorff, L. A.
and Hunter, D. J.},
title={Finding the missing heritability of complex diseases},
journal={Nature},
year={2009},
volume={461},
pages={747-753}
}

@Article{Marjoram2003,
author={Marjoram, P.
and Molitor, J.
and Plagnol, V.
and Tavar{\'e}, S.},
title={Markov chain Monte Carlo without likelihoods},
journal={Proc Natl Acad Sci Usa},
year={2003},
volume={100},
pages={15324-15328}
}

@Article{Marjoram2006,
author={Marjoram, P.
and Tavar{\'e}, S.},
title={Modern computational approaches for analysing molecular genetic variation data},
journal={Nat Rev Genet},
year={2006},
volume={7},
pages={759-770}
}

@Article{Martens2009,
author={Martens, H.
and Veflingstad, S. R.
and Plahte, E.
and Martens, M.
and Bertrand, D.
and Omholt, S. W.},
title={The genotype-phenotype relationship in multicellular pattern-generating models--the neglected role of pattern descriptors},
journal={Bmc Syst Biol},
year={2009},
volume={3},
pages={87}
}

@Article{Metropolis1953,
author={Metropolis, N.
and Rosenbluth, A. W.
and Rosenbluth, M. N.
and Teller, A. H.
and Teller, E.},
title={Equations of state calculations by fast computing machines},
journal={J Chem Phys},
year={1953},
volume={21},
pages={1087-1092}
}

@Article{Nunes2010,
author={Nunes, M. A.
and Balding, D. J.},
title={On optimal selection of summary statistics for Approximate Bayesian Computation},
journal={Stat Appl Genet Mol Biol},
year={2010},
volume={9},
pages={a34}
}

@Article{Nuzhdin2009,
author={Nuzhdin, S. V.
and Brisson, J. A.
and Pickering, A.
and Wayne, M. L.
and Harshman, L. G.
and McIntyre, L. M.},
title={Natural genetic variation in transcriptome reflects network structure inferred with major effect mutations: insulin/TOR and associated phenotypes in Drosophila melanogaster},
journal={Bmc Genomics},
year={2009},
volume={10},
pages={124}
}

@Article{Ober2012,
author={Ober, U.
and Ayroles, J. F.
and Stone, E. A.
and Richards, S.
and Zhu, D.
and Gibbs, R. A.},
title={Using whole-genome sequence data to predict quantitative trait phenotypes in Drosophila melanogaster},
journal={P Lo S Genet},
year={2012},
volume={8},
pages={e1002685}
}

@Article{Otto2000,
author={Otto, S. P.
and Jones, C. D.},
title={Detecting the undetected: estimating the total number of loci underlying a quantitative trait},
journal={Genetics},
year={2000},
volume={156},
pages={2093-2107}
}

@Article{Papatsenko2011,
author={Papatsenko, D.
and Levine, M.},
title={The Drosophila gap gene network is composed of two parallel toggle switches},
journal={P Lo S One},
year={2011},
volume={6},
pages={e21145}
}

@Book{Pelevin2001,
author={Pelevin, V.},
series={Buddha's Little Finger},
year={2001}
}

@Article{Podlich1998,
author={Podlich, D. W.
and Cooper, M.},
title={QU-GENE: a simulation platform for quantitative analysis of genetic models},
journal={Bioinformatics},
year={1998},
volume={14},
pages={632-653}
}

@Article{Quilot2005,
author={Quilot, B.
and Kervella, J.
and Genard, M.
and Lescurret, F.},
title={Analysing the genetic control of peach fruit quality through an ecophysiological model combined with a QTL approach},
journal={J Exp Bot},
year={2005},
volume={56},
pages={3083-3092}
}

@Article{Quintana2012,
author={Quintana, M. A.
and Schumacher, F. R.
and Casey, G.
and Bernstein, J. L.
and Li, L.
and Conti, D. V.},
title={Incorporating prior biologic information for high dimensional rare variant association studies},
journal={Hum Hered},
year={2012},
volume={74},
pages={184-195}
}

@Article{Ravasz2002,
author={Ravasz, E.
and Somera, A.
and Mongru, D.
and Oltvai, Z.
and Baraba'si, A. L.},
title={Hierarchical organization of modularity in metabolic networks},
journal={Science},
year={2002},
volume={297},
pages={1551-1555}
}

@Article{Reymond2003,
author={Reymond, M.
and Muller, B.
and Leonardi, A.
and Charcosset, A.
and Tardieu, F.},
title={Combining QTL analysis and anecophysiological model to analyse the genetic variabilityof the responses of leaf growth to temperature and water deficit},
journal={Plant Physiol},
year={2003},
volume={131},
pages={664-675}
}

@Book{Ripley1982,
author={Ripley, B. D.},
series={Stochastic Simulation},
year={1982}
}

@Article{Robert2011,
author={Robert, C. P.
and Cornuet, J. M.
and Marin, J. M.
and Pillai, N. S.},
title={Lack of confidence in approximate Bayesian computational (ABC) model choice},
journal={Proc Natl Acad Sci Usa},
year={2011},
volume={108},
pages={15112-15117}
}

@Article{Rubin1984,
author={Rubin, D. B.},
title={Bayesianly justifable and relevant frequency calculations for the applied statistician},
journal={Ann Stat},
year={1984},
volume={12},
pages={1151-1172}
}

@Article{Schadt2008,
author={Schadt, E.
and Molony, C.
and Chudin, E.
and Hao, K.
and Yang, X.
and Lum, P.},
title={Mapping the genetic architecture of gene expression in human liver},
journal={P Lo S Biol},
year={2008},
volume={6},
pages={e107}
}

@Article{Secrier2009,
author={Secrier, M.
and Toni, T.
and Stumpf, M. P. H.},
title={The ABC of reverse engineering biological signalling systems},
journal={Mol Biosyst},
year={2009},
volume={5},
pages={1925-1935}
}

@Article{Sieberts2007,
author={Sieberts, S. K.
and Schadt, E. E.},
title={Moving toward a system genetics view of disease},
journal={Mamm Genome},
year={2007},
volume={18},
pages={389-401}
}

@Article{Sinclair1996,
author={Sinclair, T. R.
and Seligman, N. G.},
title={Crop modeling: from infancy to maturity},
journal={Agron J},
year={1996},
volume={88},
pages={698-704}
}

@Article{Stahl2010,
author={Stahl, E. A.
and Raychaudhuri, S.
and Remmers, E. F.
and Xie, G.
and Eyre, S.
and Thomson, B. P.},
title={Genome-wide association study meta-analysis identifies seven new rheumatoid arthritis risk loci},
journal={Nat Genet},
year={2010},
volume={42},
pages={508-514}
}

@Article{Streichert2004,
author={Streichert, F.
and Planatscher, H.
and Speith, C.
and Ulmer, H.
and Zell, A.},
title={Comparing genetic programming and evolution strategies on inferring gene regulatory networks},
journal={Proc Genet Evol Comput Conf},
year={2004},
volume={3102},
pages={471-480}
}

@Article{Tardieu2003,
author={Tardieu, F.},
title={Virtual plants: modelling as a tool for the genomics of tolerance to water deficit},
journal={Trends Plant Sci},
year={2003},
volume={8},
pages={9-14}
}

@Article{Tarone2005,
author={Tarone, A. M.
and Nasser, Y. M.
and Nuzhdin, S. V.},
title={Genetic variation for expression of the sex determination pathway genes in Drosophila melanogaster},
journal={Genet Res},
year={2005},
volume={86},
pages={31-40}
}

@Article{Tarone2012,
author={Tarone, A. M.
and McIntyre, L. M.
and Harshman, L. G.
and Nuzhdin, S. V.},
title={Genetic variation in the Yolk protein expression network of Drosophila melanogaster: sex-biased negative correlations with longevity},
journal={Heredity},
year={2012},
volume={109},
pages={226-234}
}

@Article{Tavare1997,
author={Tavare, S.
and Balding, D.
and Griffiths, R.
and Donnelly, P.},
title={Inferring coalescence times from DNA sequence data},
journal={Genetics},
year={1997},
volume={145},
pages={505-518}
}

@Article{Tennessen2012,
author={Tennessen, J. A.
and Bigham, A. W.
and O'Connor, T. D.
and Fu, W.
and Kenny, E. E.
and Gravel, S.},
title={Evolution and functional impact of rare coding variation from deep sequencing of human exomes},
journal={Science},
year={2012},
volume={337},
pages={64-69}
}

@Article{Toni2009a,
author={Toni, T.
and Welch, D.
and Strelkowa, N.
and Ipsen, A.
and Stumpf, M. P. H.},
title={Approximate Bayesian computation scheme for parameter inference and model selection in dynamical systems},
journal={J R Soc Interface},
year={2009a},
volume={6},
pages={187-202}
}

@Article{Toni2009b,
author={Toni, T.
and Secrier, M.
and Stumpf, M. P. H.},
title={The ABC of reverse engineering biological signalling systems},
journal={Mol Biosyst},
year={2009b},
volume={5},
pages={1925-1935}
}

@Article{Toni2010,
author={Toni, T.
and Stumpf, M. P. H.},
title={Simulation-based model selection for dynamical systems in systems and population biology},
journal={Bioinformatics},
year={2010},
volume={26},
pages={104-110}
}

@Article{Tukey1962,
author={Tukey, J.},
title={The future of data analysis},
journal={Ann Math Stat},
year={1962},
volume={33},
pages={1-67}
}

@Article{Uptmoor2012,
author={Uptmoor, R.
and Li, J.
and Schrag, T.
and Stutzel, H.},
title={Prediction of flowering time in Brassica oleracea using a quantitative trait loci-based phenology model},
journal={Plant Biol},
year={2012},
volume={14},
pages={179-189}
}

@Article{Weber2012,
author={Weber, A. L.
and Khan, G. F.
and Magwire, M. M.
and Tabor, C. L.
and Mackay, T. F. C.
and Anholt, R. R. H.},
title={Genome-wide association analysis of oxidative stress resistance in Drosophila melanogaster},
journal={P Lo S One},
year={2012},
volume={7},
pages={e34745}
}

@Article{Wang2012,
author={Wang, Y.
and Gjuvsland, A. B.
and Vik, J. O.
and Smith, N. P.
and Hunter, P. J.
and Omholt, S. W.},
title={Parameters in dynamic models of complex traits are containers of missing heritability},
journal={P Lo S Comput Biol},
year={2012},
volume={8},
pages={e1002459}
}

@Article{Welch2003,
author={Welch, S. M.
and Roe, J. L.
and Dong, Z.},
title={A genetic neural network model of flowering time control in Arabidopsis thaliana},
journal={Agron J},
year={2003},
volume={95},
pages={71-81}
}

@Article{Welch2005a,
author={Welch, S. M.
and Roe, J. L.
and Das, S.
and Dong, Z.
and He, R.
and Kirkham, M. B.},
title={Merging genomic control networks with soil-plant-atmosphere-continuum (SPAC) models},
journal={Agric Syst},
year={2005a},
volume={86},
pages={243-274}
}

@Article{Welch2005b,
author={Welch, S. M.
and Dong, Z.
and Roe, J. L.
and Das, S.},
title={Flowering time control: Gene network modelling and the link to quantitative genetics. Aust},
journal={J Agric Res},
year={2005b},
volume={56},
pages={919-936}
}

@Article{Yin2003,
author={Yin, X.
and Stamb, P.
and Kropffa, M. J.
and Schapendonkc, A. H. C. M.},
title={Crop Modeling, QTL Mapping, and Their Complementary Role in Plant Breeding},
journal={Agron J},
year={2003},
volume={95},
pages={90-98}
}

@Article{Zaitlen2012,
author={Zaitlen, N.
and Kraft, P.},
title={Heritability in the genome-wide association era},
journal={Hum Genet},
year={2012},
volume={131},
pages={1655-1664}
}

@Article{Zuk2012,
author={Zuk, O.
and Hechter, E.
and Sunyaev, S. R.
and Lander, E. S.},
title={The mystery of missing heritability: genetic interactions create phantom heritability},
journal={Proc Natl Acad Sci Usa},
year={2012},
volume={109},
pages={1193-1198}
}


%%%%%%%%%%%%%%% TEs and cancer %%%%%%%%%%%%%
%%%%%%%%%%%%%%%%%%%%%%%%%%%%%%%%%%%%%%%%%%%%
%%%%%%%%%%%%%%%%%%%%%%%%%%%%%%%%%%%%%%%%%%%%

@Article{Lun2014,
author={Lun, AT
and Smyth, GK},
title={De novo detection of differentially bound regions for ChIP-seq data using peaks and windows: Controlling error rates correctly.},
journal={Nucleic Acids Res.},
year={2014},
volume={42},
number = {11},
pages={e95},
note={Article}
}

@Article{Buenrostro2013,
author={Buenrostro, Jason D.
and Giresi, Paul G.
and Zaba, Lisa C.
and Chang, Howard Y.
and Greenleaf, William J.},
title={Transposition of native chromatin for fast and sensitive epigenomic profiling of open chromatin, DNA-binding proteins and nucleosome position},
journal={Nature Methods},
year={2013},
month={Oct},
day={06},
publisher={Nature Publishing Group, a division of Macmillan Publishers Limited. All Rights Reserved. SN  -},
volume={10},
pages={1213 EP  -},
note={Article},
url={https://doi.org/10.1038/nmeth.2688}
}




@Inbook{Lun2016,
author="Lun, Aaron T. L.
and Chen, Yunshun
and Smyth, Gordon K.",
editor="Math{\'e}, Ewy
and Davis, Sean",
title="It's DE-licious: A Recipe for Differential Expression Analyses of RNA-seq Experiments Using Quasi-Likelihood Methods in edgeR",
bookTitle="Statistical Genomics: Methods and Protocols",
year="2016",
publisher="Springer New York",
address="New York, NY",
pages="391--416",
isbn="978-1-4939-3578-9",
doi="10.1007/978-1-4939-3578-9_19",
url="https://doi.org/10.1007/978-1-4939-3578-9_19"
}

@Article{Robinson2010,
author="Robinson, Mark D.
and Oshlack, Alicia",
title="A scaling normalization method for differential expression analysis of RNA-seq data",
journal="Genome Biology",
year="2010",
month="Mar",
day="02",
volume="11",
number="3",
pages="R25",
issn="1474-760X",
doi="10.1186/gb-2010-11-3-r25",
url="https://doi.org/10.1186/gb-2010-11-3-r25"
}

@article{lun2015,
    author = {Lun, Aaron T.L. and Smyth, Gordon K.},
    title = "{csaw: a Bioconductor package for differential binding analysis of ChIP-seq data using sliding windows}",
    journal = {Nucleic Acids Research},
    volume = {44},
    number = {5},
    pages = {e45-e45},
    year = {2015},
    month = {11},
    issn = {0305-1048},
    doi = {10.1093/nar/gkv1191},
    url = {https://dx.doi.org/10.1093/nar/gkv1191},
    eprint = {http://oup.prod.sis.lan/nar/article-pdf/44/5/e45/17437542/gkv1191.pdf},
}

@article{buenrostro2015,
author = {Buenrostro, Jason D. and Wu, Beijing and Chang, Howard Y. and Greenleaf, William J.},
title = {ATAC-seq: A Method for Assaying Chromatin Accessibility Genome-Wide},
journal = {Current Protocols in Molecular Biology},
volume = {109},
number = {1},
pages = {21.29.1-21.29.9},
keywords = {ATAC-seq, transposase, chromatin accessibility},
doi = {10.1002/0471142727.mb2129s109},
url = {https://currentprotocols.onlinelibrary.wiley.com/doi/abs/10.1002/0471142727.mb2129s109},
eprint = {https://currentprotocols.onlinelibrary.wiley.com/doi/pdf/10.1002/0471142727.mb2129s109},
year = {2015}
}

@Article{Belancio2015,
author={Belancio, V. P.},
title={LINE-1 activity as molecular basis for genomic instability associated with light exposure at night},
journal={Mob Genet. Elements},
year={2015},
volume={5},
doi={10.1080/2159256X.2015.1037416},
url={https://doi.org/10.1080/2159256X.2015.1037416}
}

@Article{Kemp2015,
author={Kemp, J. R.
and Longworth, M. S.},
title={Crossing the LINE Toward Genomic Instability: LINE-1 Retrotransposition in Cancer},
journal={Front. Chem.},
year={2015},
volume={3},
doi={10.3389/fchem.2015.00068},
url={https://doi.org/10.3389/fchem.2015.00068}
}

@Article{Mills2007,
author={Mills, R. E.
and Bennett, E. A.
and Iskow, R. C.
and Devine, S. E.},
title={Which transposable elements are active in the human genome?},
journal={Trends Genet.},
year={2007},
volume={23},
doi={10.1016/j.tig.2007.02.006},
url={https://doi.org/10.1016/j.tig.2007.02.006}
}

@Article{Luzhna2015,
author={Luzhna, L.
and Ilnytskyy, Y.
and Kovalchuk, O.},
title={Mobilization of LINE-1 in irradiated mammary gland tissue may potentially contribute to low dose radiation-induced genomic instability},
journal={Genes Cancer.},
year={2015},
volume={6}
}

@Misc{Gerdes16,
title={Gerdes, P., Richardson, S. R., Mager, D. L. \& Faulkner, G. J. Transposable elements in the mammalian embryo: pioneers surviving through stealth and service. Genome Biol. 17, 100-016-0965-5 (2016).}
}

@Misc{Ge17,
title={Ge, S. X. Exploratory bioinformatics investigation reveals importance of "junk" DNA in early embryo development. BMC Genomics18, 200-017-3566-0 (2017).}
}

@Misc{Elbarbary16,
title={Elbarbary, R. A., Lucas, B. A. \& Maquat, L. E. Retrotransposons as regulators of gene expression. Science351, aac7247 (2016).}
}

@Article{Sundaram2014,
author={Sundaram, V.},
title={Widespread contribution of transposable elements to the innovation of gene regulatory networks},
journal={Genome Res.},
year={2014},
volume={24},
doi={10.1101/gr.168872.113},
url={https://doi.org/10.1101/gr.168872.113}
}

@Article{Thompson2016,
author={Thompson, P. J.
and Macfarlan, T. S.
and Lorincz, M. C.},
title={Long Terminal Repeats: From Parasitic Elements to Building Blocks of the Transcriptional Regulatory Repertoire},
journal={Mol. Cell},
year={2016},
volume={62},
doi={10.1016/j.molcel.2016.03.029},
url={https://doi.org/10.1016/j.molcel.2016.03.029}
}

@Article{Lee2015,
author={Lee, H. E.
and Ayarpadikannan, S.
and Kim, H. S.},
title={Role of transposable elements in genomic rearrangement, evolution, gene regulation and epigenetics in primates},
journal={Genes Genet. Syst.},
year={2015},
volume={90},
doi={10.1266/ggs.15-00016},
url={https://doi.org/10.1266/ggs.15-00016}
}

@Article{Schulz2006,
author={Schulz, W. A.
and Steinhoff, C.
and Florl, A. R.},
title={Methylation of endogenous human retroelements in health and disease},
journal={Curr. Top. Microbiol. Immunol.},
year={2006},
volume={310}
}

@Misc{Groh2017,
title={Groh, S. \& Schotta, G. Silencing of endogenous retroviruses by heterochromatin. Cell Mol. Life Sci. (2017).}
}

@Article{Wang2011,
author={Wang, J.},
title={Inhibition of activated pericentromeric SINE/Alu repeat transcription in senescent human adult stem cells reinstates self-renewal},
journal={Cell. Cycle},
year={2011},
volume={10},
doi={10.4161/cc.10.17.17543},
url={https://doi.org/10.4161/cc.10.17.17543}
}

@Article{Sun2014,
author={Sun, D.},
title={Epigenomic profiling of young and aged HSCs reveals concerted changes during aging that reinforce self-renewal},
journal={Cell. Stem Cell.},
year={2014},
volume={14},
doi={10.1016/j.stem.2014.03.002},
url={https://doi.org/10.1016/j.stem.2014.03.002}
}

@Article{Mullins2012,
author={Mullins, C. S.
and Linnebacher, M.},
title={Endogenous retrovirus sequences as a novel class of tumor-specific antigens: an example of HERV-H env encoding strong CTL epitopes},
journal={Cancer Immunol. Immunother.},
year={2012},
volume={61},
doi={10.1007/s00262-011-1183-3},
url={https://doi.org/10.1007/s00262-011-1183-3}
}

@Article{Chiappinelli2015,
author={Chiappinelli, K. B.},
title={Inhibiting DNA Methylation Causes an Interferon Response in Cancer via dsRNA Including Endogenous Retroviruses},
journal={Cell},
year={2015},
volume={162},
doi={10.1016/j.cell.2015.07.011},
url={https://doi.org/10.1016/j.cell.2015.07.011}
}

@Article{Roulois2015,
author={Roulois, D.},
title={DNA-Demethylating Agents Target Colorectal Cancer Cells by Inducing Viral Mimicry by Endogenous Transcripts},
journal={Cell},
year={2015},
volume={162},
doi={10.1016/j.cell.2015.07.056},
url={https://doi.org/10.1016/j.cell.2015.07.056}
}

@Article{Lehner2002,
author={Lehner, B.
and Williams, G.
and Campbell, R. D.
and Sanderson, C. M.},
title={Antisense transcripts in the human genome},
journal={Trends Genet.},
year={2002},
volume={18},
doi={10.1016/S0168-9525(02)02598-2},
url={https://doi.org/10.1016/S0168-9525(02)02598-2}
}

@Article{Yelin2003,
author={Yelin, R.},
title={Widespread occurrence of antisense transcription in the human genome},
journal={Nat. Biotechnol.},
year={2003},
volume={21},
doi={10.1038/nbt808},
url={https://doi.org/10.1038/nbt808}
}

@Article{Bonnet1997,
author={Bonnet, D.
and Dick, J. E.},
title={Human acute myeloid leukemia is organized as a hierarchy that originates from a primitive hematopoietic cell},
journal={Nat. Med.},
year={1997},
volume={3},
doi={10.1038/nm0797-730},
url={https://doi.org/10.1038/nm0797-730}
}

@Article{Corces2016,
author={Corces, M. R.},
title={Lineage-specific and single-cell chromatin accessibility charts human hematopoiesis and leukemia evolution},
journal={Nat. Genet.},
year={2016},
volume={48},
doi={10.1038/ng.3646},
url={https://doi.org/10.1038/ng.3646}
}

@Article{Reinisch2015,
author={Reinisch, A.
and Chan, S. M.
and Thomas, D.
and Majeti, R.},
title={Biology and Clinical Relevance of Acute Myeloid Leukemia Stem Cells},
journal={Semin. Hematol.},
year={2015},
volume={52},
doi={10.1053/j.seminhematol.2015.03.008},
url={https://doi.org/10.1053/j.seminhematol.2015.03.008}
}

@Article{Xu2012,
author={Xu, X.},
title={EVI1 acts as an inducible negative-feedback regulator of NF-kappaB by inhibiting p65 acetylation},
journal={J. Immunol.},
year={2012},
volume={188},
doi={10.4049/jimmunol.1103527},
url={https://doi.org/10.4049/jimmunol.1103527}
}

@Article{Wang2013,
author={Wang, H.
and Wen, J.
and Chang, C. C.
and Zhou, X.},
title={Discovering transcription and splicing networks in myelodysplastic syndromes},
journal={PLoS One},
year={2013},
volume={8},
doi={10.1371/journal.pone.0079118},
url={https://doi.org/10.1371/journal.pone.0079118}
}

@Article{Leonova2013,
author={Leonova, K. I.},
title={p53 cooperates with DNA methylation and a suicidal interferon response to maintain epigenetic silencing of repeats and noncoding RNAs},
journal={Proc. Natl. Acad. Sci. USA},
year={2013},
volume={110},
doi={10.1073/pnas.1216922110},
url={https://doi.org/10.1073/pnas.1216922110}
}

@Article{Elsasser2015,
author={Elsasser, S. J.
and Noh, K. M.
and Diaz, N.
and Allis, C. D.
and Banaszynski, L. A.},
title={Histone H3.3 is required for endogenous retroviral element silencing in embryonic stem cells},
journal={Nature},
year={2015},
volume={522},
doi={10.1038/nature14345},
url={https://doi.org/10.1038/nature14345}
}

@Article{Meter2014,
author={Meter, M.},
title={SIRT6 represses LINE1 retrotransposons by ribosylating KAP1 but this repression fails with stress and age},
journal={Nat. Commun.},
year={2014},
volume={5},
doi={10.1038/ncomms6011},
url={https://doi.org/10.1038/ncomms6011}
}

@Misc{Goodier2016,
title={Goodier, J. L. Restricting retrotransposons: a review. Mob DNA7, 16-016-0070-z. eCollection 2016 (2016).}
}

@Article{Goodier2012,
author={Goodier, J. L.
and Cheung, L. E.
and Kazazian, H. H.},
title={MOV10 RNA helicase is a potent inhibitor of retrotransposition in cells},
journal={PLoS Genet.},
year={2012},
volume={8},
doi={10.1371/journal.pgen.1002941},
url={https://doi.org/10.1371/journal.pgen.1002941}
}

@Article{Goodier2013,
author={Goodier, J. L.
and Cheung, L. E.
and Kazazian, H. H.},
title={Mapping the LINE1 ORF1 protein interactome reveals associated inhibitors of human retrotransposition},
journal={Nucleic Acids Res.},
year={2013},
volume={41},
doi={10.1093/nar/gkt512},
url={https://doi.org/10.1093/nar/gkt512}
}

@Article{Su2012,
author={Su, Y. Q.
and Sun, F.
and Handel, M. A.
and Schimenti, J. C.
and Eppig, J. J.},
title={Meiosis arrest female 1 (MARF1) has nuage-like function in mammalian oocytes},
journal={Proc. Natl. Acad. Sci. USA},
year={2012},
volume={109},
doi={10.1073/pnas.1216904109},
url={https://doi.org/10.1073/pnas.1216904109}
}

@Article{Guo2014,
author={Guo, H.},
title={Autophagy supports genomic stability by degrading retrotransposon RNA},
journal={Nat. Commun.},
year={2014},
volume={5},
doi={10.1038/ncomms6276},
url={https://doi.org/10.1038/ncomms6276}
}

@Article{Fujiwara2013,
author={Fujiwara, Y.},
title={Discovery of a novel type of autophagy targeting RNA},
journal={Autophagy},
year={2013},
volume={9},
doi={10.4161/auto.23002},
url={https://doi.org/10.4161/auto.23002}
}

@Article{Fujiwara2015,
author={Fujiwara, Y.
and Hase, K.
and Wada, K.
and Kabuta, T.},
title={An RNautophagy/DNautophagy receptor, LAMP2C, possesses an arginine-rich motif that mediates RNA/DNA-binding},
journal={Biochem. Biophys. Res. Commun.},
year={2015},
volume={460},
doi={10.1016/j.bbrc.2015.03.025},
url={https://doi.org/10.1016/j.bbrc.2015.03.025}
}

@Article{Hase2015,
author={Hase, K.},
title={RNautophagy/DNautophagy possesses selectivity for RNA/DNA substrates},
journal={Nucleic Acids Res.},
year={2015},
volume={43},
doi={10.1093/nar/gkv579},
url={https://doi.org/10.1093/nar/gkv579}
}

@Article{Hu2015,
author={Hu, B.},
title={Binding of the pathogen receptor HSP90AA1 to avibirnavirus VP2 induces autophagy by inactivating the AKT-MTOR pathway},
journal={Autophagy},
year={2015},
volume={11},
doi={10.1080/15548627.2015.1017184},
url={https://doi.org/10.1080/15548627.2015.1017184}
}

@Article{Bryk2001,
author={Bryk, M.
and Banerjee, M.
and Conte, D.
and Curcio, M. J.},
title={The Sgs1 helicase of Saccharomyces cerevisiae inhibits retrotransposition of Ty1 multimeric arrays},
journal={Mol. Cell. Biol.},
year={2001},
volume={21},
doi={10.1128/MCB.21.16.5374-5388.2001},
url={https://doi.org/10.1128/MCB.21.16.5374-5388.2001}
}

@Article{Ott2014,
author={Ott, K. M.
and Nguyen, T.
and Navarro, C.},
title={The DExH box helicase domain of spindle-E is necessary for retrotransposon silencing and axial patterning during Drosophila oogenesis},
journal={G3 (Bethesda)},
year={2014},
volume={4},
doi={10.1534/g3.114.014332},
url={https://doi.org/10.1534/g3.114.014332}
}

@Article{Taylor2013,
author={Taylor, M. S.},
title={Affinity proteomics reveals human host factors implicated in discrete stages of LINE-1 retrotransposition},
journal={Cell},
year={2013},
volume={155},
doi={10.1016/j.cell.2013.10.021},
url={https://doi.org/10.1016/j.cell.2013.10.021}
}

@Article{Wu-Scharf2000,
author={Wu-Scharf, D.
and Jeong, B.
and Zhang, C.
and Cerutti, H.},
title={Transgene and transposon silencing in Chlamydomonas reinhardtii by a DEAH-box RNA helicase},
journal={Science},
year={2000},
volume={290},
doi={10.1126/science.290.5494.1159},
url={https://doi.org/10.1126/science.290.5494.1159}
}

@Article{Ranoa2016,
author={Ranoa, D. R.},
title={Cancer therapies activate RIG-I-like receptor pathway through endogenous non-coding RNAs},
journal={Oncotarget},
year={2016},
volume={7},
url={https://doi.org/10.18632/oncotarget.8420}
}

@Misc{Yun2016,
title={Yun, S. et al. Targeting epigenetic pathways in acute myeloid leukemia and myelodysplastic syndrome: a systematic review of hypomethylating agents trials. Clin. Epigenetics8, 68-016-0233-2. eCollection 2016 (2016).}
}

@Article{Jan2012,
author={Jan, M.},
title={Clonal evolution of preleukemic hematopoietic stem cells precedes human acute myeloid leukemia},
journal={Sci. Transl. Med.},
year={2012},
volume={4},
doi={10.1126/scitranslmed.3004315},
url={https://doi.org/10.1126/scitranslmed.3004315}
}

@Article{Corces-Zimmerman2014a,
author={Corces-Zimmerman, M. R.
and Hong, W. J.
and Weissman, I. L.
and Medeiros, B. C.
and Majeti, R.},
title={Preleukemic mutations in human acute myeloid leukemia affect epigenetic regulators and persist in remission},
journal={Proc. Natl. Acad. Sci. USA},
year={2014},
volume={111},
doi={10.1073/pnas.1324297111},
url={https://doi.org/10.1073/pnas.1324297111}
}

@Article{Corces-Zimmerman2014b,
author={Corces-Zimmerman, M. R.
and Majeti, R.},
title={Pre-leukemic evolution of hematopoietic stem cells: the importance of early mutations in leukemogenesis},
journal={Leukemia},
year={2014},
volume={28},
doi={10.1038/leu.2014.211},
url={https://doi.org/10.1038/leu.2014.211}
}

@Article{Haas2008,
author={Haas, K.},
title={Expression and prognostic significance of different mRNA 5'-end variants of the oncogene EVI1 in 266 patients with de novo AML: EVI1 and MDS1/EVI1 overexpression both predict short remission duration},
journal={Genes Chromosomes Cancer},
year={2008},
volume={47},
doi={10.1002/gcc.20532},
url={https://doi.org/10.1002/gcc.20532}
}

@Article{Yamamoto2016,
author={Yamamoto, H.},
title={miR-133 regulates Evi1 expression in AML cells as a potential therapeutic target},
journal={Sci. Rep.},
year={2016},
volume={6},
doi={10.1038/srep19204},
url={https://doi.org/10.1038/srep19204}
}

@Article{Aktas2017,
author={Aktas, T.},
title={DHX9 suppresses RNA processing defects originating from the Alu invasion of the human genome},
journal={Nature},
year={2017},
volume={544},
doi={10.1038/nature21715},
url={https://doi.org/10.1038/nature21715}
}

@Article{Lee2014,
author={Lee, T.},
title={Suppression of the DHX9 helicase induces premature senescence in human diploid fibroblasts in a p53-dependent manner},
journal={J. Biol. Chem.},
year={2014},
volume={289},
doi={10.1074/jbc.M114.568535},
url={https://doi.org/10.1074/jbc.M114.568535}
}

@Article{Lee2016a,
author={Lee, T.
and Pelletier, J.},
title={The biology of DHX9 and its potential as a therapeutic target},
journal={Oncotarget},
year={2016},
volume={7}
}

@Article{Cencic2015,
author={Cencic, R.
and Senechal, P.
and Pelletier, J.},
title={Establishment of a Primary Screening Assay for the DHX9 Helicase},
journal={Comb. Chem. High Throughput Screen.},
year={2015},
volume={18},
doi={10.2174/1386207318666151019093433},
url={https://doi.org/10.2174/1386207318666151019093433}
}

@Article{Mills2013,
author={Mills, J. R.},
title={RNAi screening uncovers Dhx9 as a modifier of ABT-737 resistance in an Emu-myc/Bcl-2 mouse model},
journal={Blood},
year={2013},
volume={121},
doi={10.1182/blood-2012-06-434365},
url={https://doi.org/10.1182/blood-2012-06-434365}
}

@Article{Lee2016b,
author={Lee, T.
and Paquet, M.
and Larsson, O.
and Pelletier, J.},
title={Tumor cell survival dependence on the DHX9 DExH-box helicase},
journal={Oncogene},
year={2016},
volume={35},
doi={10.1038/onc.2016.52},
url={https://doi.org/10.1038/onc.2016.52}
}

@Article{Talpaz2013,
author={Talpaz, M.
and Hehlmann, R.
and Quintas-Cardama, A.
and Mercer, J.
and Cortes, J.},
title={Re-emergence of interferon-alpha in the treatment of chronic myeloid leukemia},
journal={Leukemia},
year={2013},
volume={27},
doi={10.1038/leu.2012.313},
url={https://doi.org/10.1038/leu.2012.313}
}

@Article{Ortiz2017,
author={Ortiz, A.
and Fuchs, S. Y.},
title={Anti-metastatic functions of type 1 interferons: Foundation for the adjuvant therapy of cancer},
journal={Cytokine},
year={2017},
volume={89},
doi={10.1016/j.cyto.2016.01.010},
url={https://doi.org/10.1016/j.cyto.2016.01.010}
}

@Article{Hasselbalch2011,
author={Hasselbalch, H. C.},
title={A new era for IFN-alpha in the treatment of Philadelphia-negative chronic myeloproliferative neoplasms},
journal={Expert Rev. Hematol.},
year={2011},
volume={4},
doi={10.1586/ehm.11.63},
url={https://doi.org/10.1586/ehm.11.63}
}


%% Saved with string encoding Unicode (UTF-8)

@book{Fisher:1954,
	Address = {New York},
	Author = {Ronald Aylmer Fisher},
	Edition = {12th},
	Publisher = {Hafner},
	Title = {Statistical methods for research workers},
	Year = {1954}}

@article{Robbins:1951aa,
	Author = {Robbins, Herbert and Sutton Monro},
	Journal = {The Annals of Mathematical Statistics},
	Number = {3},
	Pages = {pp. 400-407},
	Title = {A Stochastic Approximation Method},
	Volume = {22},
	Year = {1951}}

@book{Knight:1921,
	Address = {Boston, New York},
	Author = {Frank H Knight},
	Publisher = {Houghton Mifflin Company},
	Title = {Risk, uncertainty and profit},
	Year = {1921}}

@article{Wright:1921aa,
	Author = {Wright, Sewall},
	Journal = {Journal of agricultural research},
	Pages = {557-585},
	Title = {Correlation and Causation},
	Year = {1921}}

@article{Caratheodory:1909aa,
	Author = {Constantin Carath{\'e}odory},
	Journal = {Mathematische Annalen},
	Pages = {355--386},
	Title = {Untersuchungen {\"u}ber die Grundlagen der Thermodynamik},
	Volume = {67},
	Year = {1909}}

@book{Gibbs:1902,
	Address = {New York},
	Author = {Gibbs, J Willard},
	Publisher = {C. Scribner's sons},
	Title = {Elementary principles in statistical mechanics: Developed with especial reference to the rational foundations of thermodynamics},
	Year = {1902}}

@article{Clausius:1857,
	Author = {Clausius, Rudolf},
	Journal = {The London, Edinburgh, and Dublin Philosophical Magazine and Journal of Science},
	Number = {91},
	Pages = {108--127},
	Title = {XI. On the nature of the motion which we call heat},
	Volume = {14},
	Year = {1857}}
